%% This BibTeX bibliography file was created using BibDesk.
%% http://bibdesk.sourceforge.net/

%% Created for Christopher Hasselwander at 2015-11-11 10:36:16 -0600 


%% Saved with string encoding Unicode (UTF-8) 



@article{wright:2001,
	Author = {Wright, StevenM. and Brown, DavidG. and Porter, JayR. and Spence, DavidC. and Esparza, Emilio and Cole, DavidC. and Huson, F.Russell},
	Date-Added = {2015-10-20 20:49:58 +0000},
	Date-Modified = {2015-10-20 20:50:23 +0000},
	Doi = {10.1007/BF02678594},
	Issn = {0968-5243},
	Journal = {Magnetic Resonance Materials in Physics, Biology and Medicine},
	Keywords = {MRI; Microscopy; Instrumentation; Spectrometer; Radiofrequency; Magnet},
	Language = {English},
	Number = {3},
	Pages = {177-185},
	Publisher = {Springer Netherlands},
	Title = {A desktop magnetic resonance imaging system},
	Url = {http://dx.doi.org/10.1007/BF02678594},
	Volume = {13},
	Year = {2001},
	Bdsk-Url-1 = {http://dx.doi.org/10.1007/BF02678594}}

@article{Takeda:2007aa,
	Abstract = {The digital circuits required for a nuclear magnetic resonance (NMR) spectrometer, including a pulse programmer, a direct digital synthesizer, a digital receiver, and a PC interface, have been built inside a single chip of the field-programmable gate-array (FPGA). By combining the FPGA chip with peripheral analog components, a compact, laptop-sized homebuilt spectrometer has been developed, which is capable of a rf output of up to 400 MHz with amplitude-, phase-, frequency-, and pulse-modulation. The number of rf channels is extendable up to three without further increase in size.},
	Author = {Takeda, Kazuyuki},
	Date-Added = {2015-10-20 20:34:23 +0000},
	Date-Modified = {2015-10-20 20:34:23 +0000},
	Doi = {10.1063/1.2712940},
	Journal = {Rev Sci Instrum},
	Journal-Full = {The Review of scientific instruments},
	Month = {Mar},
	Number = {3},
	Pages = {033103},
	Pmid = {17411174},
	Pst = {ppublish},
	Title = {A highly integrated FPGA-based nuclear magnetic resonance spectrometer},
	Volume = {78},
	Year = {2007},
	Bdsk-File-1 = {YnBsaXN0MDDUAQIDBAUGJCVYJHZlcnNpb25YJG9iamVjdHNZJGFyY2hpdmVyVCR0b3ASAAGGoKgHCBMUFRYaIVUkbnVsbNMJCgsMDxJXTlMua2V5c1pOUy5vYmplY3RzViRjbGFzc6INDoACgAOiEBGABIAFgAdccmVsYXRpdmVQYXRoWWFsaWFzRGF0YV8QIy4uLy4uLy4uLy4uL0Rvd25sb2Fkcy8xLjI3MTI5NDAucGRm0hcLGBlXTlMuZGF0YU8RAZIAAAAAAZIAAgAACFVudGl0bGVkAAAAAAAAAAAAAAAAAAAAAAAAANBoXk9IKwAAAAUzsw0xLjI3MTI5NDAucGRmAAAAAAAAAAAAAAAAAAAAAAAAAAAAAAAAAAAAAAAAAAAAAAAAAAAAAAAAAAAAAAAAAAAAQJRq0kwPcwAAAAAAAAAAAAQAAgAACSAAAAAAAAAAAAAAAAAAAAAJRG93bmxvYWRzAAAQAAgAANBopJ8AAAARAAgAANJMVcMAAAABAAwABTOzAAUzUQAAwA4AAgBBVW50aXRsZWQ6VXNlcnM6AGNocmlzdG9waGVyaGFzc2Vsd2FuZGVyOgBEb3dubG9hZHM6ADEuMjcxMjk0MC5wZGYAAA4AHAANADEALgAyADcAMQAyADkANAAwAC4AcABkAGYADwASAAgAVQBuAHQAaQB0AGwAZQBkABIANVVzZXJzL2NocmlzdG9waGVyaGFzc2Vsd2FuZGVyL0Rvd25sb2Fkcy8xLjI3MTI5NDAucGRmAAATAAEvAAAVAAIAHv//AACABtIbHB0eWiRjbGFzc25hbWVYJGNsYXNzZXNdTlNNdXRhYmxlRGF0YaMdHyBWTlNEYXRhWE5TT2JqZWN00hscIiNcTlNEaWN0aW9uYXJ5oiIgXxAPTlNLZXllZEFyY2hpdmVy0SYnVHJvb3SAAQAIABEAGgAjAC0AMgA3AEAARgBNAFUAYABnAGoAbABuAHEAcwB1AHcAhACOALQAuQDBAlcCWQJeAmkCcgKAAoQCiwKUApkCpgKpArsCvgLDAAAAAAAAAgEAAAAAAAAAKAAAAAAAAAAAAAAAAAAAAsU=}}

@article{hong,
	Author = {Hong Wang, Hong-yu Sun, Wei-nan Tang, Xian-chai Lin, Wein-min Wang},
	Date-Added = {2015-10-20 20:29:19 +0000},
	Date-Modified = {2015-10-20 20:32:57 +0000},
	Journal = {Chinese Journal of Magnetic Resonance},
	Month = {June},
	Number = {2},
	Pages = {453-458},
	Title = {An FPGA-Based Multi-Channel Receiver Module for Magnetic Resonance Imaging},
	Volume = {29},
	Year = {2012},
	Bdsk-File-1 = {YnBsaXN0MDDUAQIDBAUGJCVYJHZlcnNpb25YJG9iamVjdHNZJGFyY2hpdmVyVCR0b3ASAAGGoKgHCBMUFRYaIVUkbnVsbNMJCgsMDxJXTlMua2V5c1pOUy5vYmplY3RzViRjbGFzc6INDoACgAOiEBGABIAFgAdccmVsYXRpdmVQYXRoWWFsaWFzRGF0YV8QZC4uLy4uLy4uLy4uL0Rvd25sb2Fkcy9BbiBGUEdBLUJhc2VkIE11bHRpLUNoYW5uZWwgUmVjZWl2ZXIgTW9kdWxlIGZvciBNYWduZXRpYyBSZXNvbmFuY2UgSW1hZ2luZy5wZGbSFwsYGVdOUy5kYXRhTxECZgAAAAACZgACAAAIVW50aXRsZWQAAAAAAAAAAAAAAAAAAAAAAAAA0GheT0grAAAABTOzH0FuIEZQR0EtQmFzZWQgTXVsdGktIzQwOTM1OS5wZGYAAAAAAAAAAAAAAAAAAAAAAAAAAAAAAAAAAAAAAAAAAABAk1nSTA3uAAAAAAAAAAAABAACAAAJIAAAAAAAAAAAAAAAAAAAAAlEb3dubG9hZHMAABAACAAA0GiknwAAABEACAAA0kxUPgAAAAEADAAFM7MABTNRAADADgACAFNVbnRpdGxlZDpVc2VyczoAY2hyaXN0b3BoZXJoYXNzZWx3YW5kZXI6AERvd25sb2FkczoAQW4gRlBHQS1CYXNlZCBNdWx0aS0jNDA5MzU5LnBkZgAADgCeAE4AQQBuACAARgBQAEcAQQAtAEIAYQBzAGUAZAAgAE0AdQBsAHQAaQAtAEMAaABhAG4AbgBlAGwAIABSAGUAYwBlAGkAdgBlAHIAIABNAG8AZAB1AGwAZQAgAGYAbwByACAATQBhAGcAbgBlAHQAaQBjACAAUgBlAHMAbwBuAGEAbgBjAGUAIABJAG0AYQBnAGkAbgBnAC4AcABkAGYADwASAAgAVQBuAHQAaQB0AGwAZQBkABIAdlVzZXJzL2NocmlzdG9waGVyaGFzc2Vsd2FuZGVyL0Rvd25sb2Fkcy9BbiBGUEdBLUJhc2VkIE11bHRpLUNoYW5uZWwgUmVjZWl2ZXIgTW9kdWxlIGZvciBNYWduZXRpYyBSZXNvbmFuY2UgSW1hZ2luZy5wZGYAEwABLwAAFQACAB7//wAAgAbSGxwdHlokY2xhc3NuYW1lWCRjbGFzc2VzXU5TTXV0YWJsZURhdGGjHR8gVk5TRGF0YVhOU09iamVjdNIbHCIjXE5TRGljdGlvbmFyeaIiIF8QD05TS2V5ZWRBcmNoaXZlctEmJ1Ryb290gAEACAARABoAIwAtADIANwBAAEYATQBVAGAAZwBqAGwAbgBxAHMAdQB3AIQAjgD1APoBAgNsA24DcwN+A4cDlQOZA6ADqQOuA7sDvgPQA9MD2AAAAAAAAAIBAAAAAAAAACgAAAAAAAAAAAAAAAAAAAPa}}

@article{Stang:2012aa,
	Abstract = {Magnetic resonance imaging (MRI) pulse sequence consoles typically employ closed proprietary hardware, software, and interfaces, making difficult any adaptation for innovative experimental technology. Yet MRI systems research is trending to higher channel count receivers, transmitters, gradient/shims, and unique interfaces for interventional applications. Customized console designs are now feasible for researchers with modern electronic components, but high data rates, synchronization, scalability, and cost present important challenges. Implementing large multichannel MR systems with efficiency and flexibility requires a scalable modular architecture. With Medusa, we propose an open system architecture using the universal serial bus (USB) for scalability, combined with distributed processing and buffering to address the high data rates and strict synchronization required by multichannel MRI. Medusa uses a modular design concept based on digital synthesizer, receiver, and gradient blocks, in conjunction with fast programmable logic for sampling and synchronization. Medusa is a form of synthetic instrument, being reconfigurable for a variety of medical/scientific instrumentation needs. The Medusa distributed architecture, scalability, and data bandwidth limits are presented, and its flexibility is demonstrated in a variety of novel MRI applications.},
	Author = {Stang, Pascal P and Conolly, Steven M and Santos, Juan M and Pauly, John M and Scott, Greig C},
	Date-Added = {2015-10-20 20:26:24 +0000},
	Date-Modified = {2015-10-20 20:26:24 +0000},
	Doi = {10.1109/TMI.2011.2169681},
	Journal = {IEEE Trans Med Imaging},
	Journal-Full = {IEEE transactions on medical imaging},
	Mesh = {Computer Communication Networks; Equipment Design; Equipment Failure Analysis; Image Interpretation, Computer-Assisted; Magnetic Resonance Imaging; Magnetics; Reproducibility of Results; Sensitivity and Specificity; Signal Processing, Computer-Assisted; Software; Transducers},
	Month = {Feb},
	Number = {2},
	Pages = {370-9},
	Pmc = {PMC3282593},
	Pmid = {21954200},
	Pst = {ppublish},
	Title = {Medusa: a scalable MR console using USB},
	Volume = {31},
	Year = {2012},
	Bdsk-File-1 = {YnBsaXN0MDDUAQIDBAUGJCVYJHZlcnNpb25YJG9iamVjdHNZJGFyY2hpdmVyVCR0b3ASAAGGoKgHCBMUFRYaIVUkbnVsbNMJCgsMDxJXTlMua2V5c1pOUy5vYmplY3RzViRjbGFzc6INDoACgAOiEBGABIAFgAdccmVsYXRpdmVQYXRoWWFsaWFzRGF0YV8QJS4uLy4uLy4uLy4uL0Rvd25sb2Fkcy9uaWhtczM0OTU2My5wZGbSFwsYGVdOUy5kYXRhTxEBmgAAAAABmgACAAAIVW50aXRsZWQAAAAAAAAAAAAAAAAAAAAAAAAA0GheT0grAAAABTOzD25paG1zMzQ5NTYzLnBkZgAAAAAAAAAAAAAAAAAAAAAAAAAAAAAAAAAAAAAAAAAAAAAAAAAAAAAAAAAAAAAAAABAkvzSTAu0AAAAAAAAAAAABAACAAAJIAAAAAAAAAAAAAAAAAAAAAlEb3dubG9hZHMAABAACAAA0GiknwAAABEACAAA0kxSBAAAAAEADAAFM7MABTNRAADADgACAENVbnRpdGxlZDpVc2VyczoAY2hyaXN0b3BoZXJoYXNzZWx3YW5kZXI6AERvd25sb2FkczoAbmlobXMzNDk1NjMucGRmAAAOACAADwBuAGkAaABtAHMAMwA0ADkANQA2ADMALgBwAGQAZgAPABIACABVAG4AdABpAHQAbABlAGQAEgA3VXNlcnMvY2hyaXN0b3BoZXJoYXNzZWx3YW5kZXIvRG93bmxvYWRzL25paG1zMzQ5NTYzLnBkZgAAEwABLwAAFQACAB7//wAAgAbSGxwdHlokY2xhc3NuYW1lWCRjbGFzc2VzXU5TTXV0YWJsZURhdGGjHR8gVk5TRGF0YVhOU09iamVjdNIbHCIjXE5TRGljdGlvbmFyeaIiIF8QD05TS2V5ZWRBcmNoaXZlctEmJ1Ryb290gAEACAARABoAIwAtADIANwBAAEYATQBVAGAAZwBqAGwAbgBxAHMAdQB3AIQAjgC2ALsAwwJhAmMCaAJzAnwCigKOApUCngKjArACswLFAsgCzQAAAAAAAAIBAAAAAAAAACgAAAAAAAAAAAAAAAAAAALP}}

@article{gadgetron,
	Author = {Hansen, M S and S\orensen, T S},
	Date-Added = {2015-09-21 02:50:30 +0000},
	Date-Modified = {2015-09-21 02:50:30 +0000},
	Journal = {Magn Reson Med},
	Number = {6},
	Pages = {1768--1776},
	Title = {Gadgetron: {An} open source framework for medical image reconstruction},
	Volume = {69},
	Year = {2013}}

@article{opencorenmr,
	Author = {Takeda, K},
	Date-Added = {2015-09-21 02:50:30 +0000},
	Date-Modified = {2015-09-21 02:50:30 +0000},
	Journal = {J Magn Reson},
	Pages = {218--229},
	Title = {{OPENCORE NMR:} {Open-source} core modules for implementing an integrated {FPGA}-based {NMR} spectrometer},
	Volume = {192},
	Year = {2008},
	Bdsk-File-1 = {YnBsaXN0MDDUAQIDBAUGJCVYJHZlcnNpb25YJG9iamVjdHNZJGFyY2hpdmVyVCR0b3ASAAGGoKgHCBMUFRYaIVUkbnVsbNMJCgsMDxJXTlMua2V5c1pOUy5vYmplY3RzViRjbGFzc6INDoACgAOiEBGABIAFgAdccmVsYXRpdmVQYXRoWWFsaWFzRGF0YV8QLy4uLy4uLy4uL3BkZnMvMS1zMi4wLVMxMDkwNzgwNzA4MDAwNjcwLW1haW4ucGRm0hcLGBlXTlMuZGF0YU8RAcgAAAAAAcgAAgAADE1hY2ludG9zaCBIRAAAAAAAAAAAAAAAAAAAAM/T5HZIKwAAAC/t7h8xLXMyLjAtUzEwOTA3ODA3MDgwMCNCNjU2RTMucGRmAAAAAAAAAAAAAAAAAAAAAAAAAAAAAAAAAAAAAAAAAAAAtlbj0iRylQAAAAAAAAAAAAMAAgAACSAAAAAAAAAAAAAAAAAAAAAEcGRmcwAQAAgAAM/UKsYAAAARAAgAANIkuOUAAAABABAAL+3uAC3MaQAdPWAAHT0SAAIAR01hY2ludG9zaCBIRDpVc2VyczoAZ3VpbGxlOgBkb2NzOgBwZGZzOgAxLXMyLjAtUzEwOTA3ODA3MDgwMCNCNjU2RTMucGRmAAAOAEQAIQAxAC0AcwAyAC4AMAAtAFMAMQAwADkAMAA3ADgAMAA3ADAAOAAwADAAMAA2ADcAMAAtAG0AYQBpAG4ALgBwAGQAZgAPABoADABNAGEAYwBpAG4AdABvAHMAaAAgAEgARAASADhVc2Vycy9ndWlsbGUvZG9jcy9wZGZzLzEtczIuMC1TMTA5MDc4MDcwODAwMDY3MC1tYWluLnBkZgATAAEvAAAVAAIADf//AACABtIbHB0eWiRjbGFzc25hbWVYJGNsYXNzZXNdTlNNdXRhYmxlRGF0YaMdHyBWTlNEYXRhWE5TT2JqZWN00hscIiNcTlNEaWN0aW9uYXJ5oiIgXxAPTlNLZXllZEFyY2hpdmVy0SYnVHJvb3SAAQAIABEAGgAjAC0AMgA3AEAARgBNAFUAYABnAGoAbABuAHEAcwB1AHcAhACOAMAAxQDNApkCmwKgAqsCtALCAsYCzQLWAtsC6ALrAv0DAAMFAAAAAAAAAgEAAAAAAAAAKAAAAAAAAAAAAAAAAAAAAwc=}}

@article{tang:2011,
	Author = {Tang, W and Wang, W},
	Date-Added = {2015-09-21 02:50:30 +0000},
	Date-Modified = {2015-09-21 02:50:30 +0000},
	Journal = {Meas Sci Technol},
	Pages = {015902},
	Title = {A single-board {NMR} spectrometer based on a software defined radio architecture},
	Volume = {22},
	Year = {2011},
	Bdsk-File-1 = {YnBsaXN0MDDUAQIDBAUGJCVYJHZlcnNpb25YJG9iamVjdHNZJGFyY2hpdmVyVCR0b3ASAAGGoKgHCBMUFRYaIVUkbnVsbNMJCgsMDxJXTlMua2V5c1pOUy5vYmplY3RzViRjbGFzc6INDoACgAOiEBGABIAFgAdccmVsYXRpdmVQYXRoWWFsaWFzRGF0YV8QJy4uLy4uLy4uL3BkZnMvMDk1Ny0wMjMzXzIyXzFfMDE1OTAyLnBkZtIXCxgZV05TLmRhdGFPEQGqAAAAAAGqAAIAAAxNYWNpbnRvc2ggSEQAAAAAAAAAAAAAAAAAAADP0+R2SCsAAAAv7e4ZMDk1Ny0wMjMzXzIyXzFfMDE1OTAyLnBkZgAAAAAAAAAAAAAAAAAAAAAAAAAAAAAAAAAAAAAAAAAAAAAAAAAAAC/ultB/+OZQREYgAAAAAAADAAIAAAkgAAAAAAAAAAAAAAAAAAAABHBkZnMAEAAIAADP1CrGAAAAEQAIAADQgE1GAAAAAQAQAC/t7gAtzGkAHT1gAB09EgACAEFNYWNpbnRvc2ggSEQ6VXNlcnM6AGd1aWxsZToAZG9jczoAcGRmczoAMDk1Ny0wMjMzXzIyXzFfMDE1OTAyLnBkZgAADgA0ABkAMAA5ADUANwAtADAAMgAzADMAXwAyADIAXwAxAF8AMAAxADUAOQAwADIALgBwAGQAZgAPABoADABNAGEAYwBpAG4AdABvAHMAaAAgAEgARAASADBVc2Vycy9ndWlsbGUvZG9jcy9wZGZzLzA5NTctMDIzM18yMl8xXzAxNTkwMi5wZGYAEwABLwAAFQACAA3//wAAgAbSGxwdHlokY2xhc3NuYW1lWCRjbGFzc2VzXU5TTXV0YWJsZURhdGGjHR8gVk5TRGF0YVhOU09iamVjdNIbHCIjXE5TRGljdGlvbmFyeaIiIF8QD05TS2V5ZWRBcmNoaXZlctEmJ1Ryb290gAEACAARABoAIwAtADIANwBAAEYATQBVAGAAZwBqAGwAbgBxAHMAdQB3AIQAjgC4AL0AxQJzAnUCegKFAo4CnAKgAqcCsAK1AsICxQLXAtoC3wAAAAAAAAIBAAAAAAAAACgAAAAAAAAAAAAAAAAAAALh}}

@article{zwart:gpi,
	Author = {Zwart, N R and Pipe, J G},
	Date-Added = {2015-09-21 02:50:30 +0000},
	Date-Modified = {2015-09-21 02:50:30 +0000},
	Journal = {Magn Reson Med},
	Note = {DOI: 10.1002/mrm.25528},
	Title = {Graphical programming interface: {A} development environment for {MRI} methods},
	Year = {2014}}
