%% This BibTeX bibliography file was created using BibDesk.
%% http://bibdesk.sourceforge.net/


%% Created for wgrissom at 2016-03-10 13:33:21 -0600 


%% Saved with string encoding Western (ASCII) 



@inproceedings{cao:ismrm14,
	Author = {Cao, Z and Chekmenev, E Y and Grissom, W A},
	Booktitle = {Proceedings 22nd Scientific Meeting, International Society for Magnetic Resonance in Medicine, Milan},
	Date-Added = {2016-03-10 18:47:53 +0000},
	Date-Modified = {2016-03-10 18:47:53 +0000},
	Pages = {4220},
	Title = {Frequency encoding by {Bloch-Siegert} shift},
	Year = {2014},
	Bdsk-File-1 = {YnBsaXN0MDDUAQIDBAUGJCVYJHZlcnNpb25YJG9iamVjdHNZJGFyY2hpdmVyVCR0b3ASAAGGoKgHCBMUFRYaIVUkbnVsbNMJCgsMDxJXTlMua2V5c1pOUy5vYmplY3RzViRjbGFzc6INDoACgAOiEBGABIAFgAdccmVsYXRpdmVQYXRoWWFsaWFzRGF0YV8QFi4uLy4uLy4uL3BkZnMvNDIyMC5wZGbSFwsYGVdOUy5kYXRhTxEBZgAAAAABZgACAAAMTWFjaW50b3NoIEhEAAAAAAAAAAAAAAAAAAAAz9PkdkgrAAAAL+3uCDQyMjAucGRmAAAAAAAAAAAAAAAAAAAAAAAAAAAAAAAAAAAAAAAAAAAAAAAAAAAAAAAAAAAAAAAAAAAAAAAAAAAv737Qh46EAAAAAAAAAAAAAwACAAAJIAAAAAAAAAAAAAAAAAAAAARwZGZzABAACAAAz9QqxgAAABEACAAA0Ifi5AAAAAEAEAAv7e4ALcxpAB09YAAdPRIAAgAwTWFjaW50b3NoIEhEOlVzZXJzOgBndWlsbGU6AGRvY3M6AHBkZnM6ADQyMjAucGRmAA4AEgAIADQAMgAyADAALgBwAGQAZgAPABoADABNAGEAYwBpAG4AdABvAHMAaAAgAEgARAASAB9Vc2Vycy9ndWlsbGUvZG9jcy9wZGZzLzQyMjAucGRmAAATAAEvAAAVAAIADf//AACABtIbHB0eWiRjbGFzc25hbWVYJGNsYXNzZXNdTlNNdXRhYmxlRGF0YaMdHyBWTlNEYXRhWE5TT2JqZWN00hscIiNcTlNEaWN0aW9uYXJ5oiIgXxAPTlNLZXllZEFyY2hpdmVy0SYnVHJvb3SAAQAIABEAGgAjAC0AMgA3AEAARgBNAFUAYABnAGoAbABuAHEAcwB1AHcAhACOAKcArAC0Ah4CIAIlAjACOQJHAksCUgJbAmACbQJwAoIChQKKAAAAAAAAAgEAAAAAAAAAKAAAAAAAAAAAAAAAAAAAAow=}}

@article{kartausch:13,
	Author = {Kart\"ausch, R and Driessle, T and Kampf, T and Basse-L\"usebrink, T C and Hoelscher, U C and Jakob, P M and Fidler, F and Helluy, X},
	Date-Added = {2016-03-10 18:47:28 +0000},
	Date-Modified = {2016-03-10 18:47:28 +0000},
	Journal = {Magn Reson Mater Phy},
	Title = {Spatial phase encoding exploting the {Bloch-Siegert} shift effect},
	Year = {2013},
	Bdsk-File-1 = {YnBsaXN0MDDUAQIDBAUGJCVYJHZlcnNpb25YJG9iamVjdHNZJGFyY2hpdmVyVCR0b3ASAAGGoKgHCBMUFRYaIVUkbnVsbNMJCgsMDxJXTlMua2V5c1pOUy5vYmplY3RzViRjbGFzc6INDoACgAOiEBGABIAFgAdccmVsYXRpdmVQYXRoWWFsaWFzRGF0YV8QIS4uLy4uLy4uL3BkZnMvYnNwaGFzZWVuY29kaW5nLnBkZtIXCxgZV05TLmRhdGFPEQGSAAAAAAGSAAIAAAxNYWNpbnRvc2ggSEQAAAAAAAAAAAAAAAAAAADP0+R2SCsAAAAv7e4TYnNwaGFzZWVuY29kaW5nLnBkZgAAAAAAAAAAAAAAAAAAAAAAAAAAAAAAAAAAAAAAAAAAAAAAAAAAAAAAAAAAAC/wYc87+GoAAAAAAAAAAAADAAIAAAkgAAAAAAAAAAAAAAAAAAAABHBkZnMAEAAIAADP1CrGAAAAEQAIAADPPEzKAAAAAQAQAC/t7gAtzGkAHT1gAB09EgACADtNYWNpbnRvc2ggSEQ6VXNlcnM6AGd1aWxsZToAZG9jczoAcGRmczoAYnNwaGFzZWVuY29kaW5nLnBkZgAADgAoABMAYgBzAHAAaABhAHMAZQBlAG4AYwBvAGQAaQBuAGcALgBwAGQAZgAPABoADABNAGEAYwBpAG4AdABvAHMAaAAgAEgARAASACpVc2Vycy9ndWlsbGUvZG9jcy9wZGZzL2JzcGhhc2VlbmNvZGluZy5wZGYAEwABLwAAFQACAA3//wAAgAbSGxwdHlokY2xhc3NuYW1lWCRjbGFzc2VzXU5TTXV0YWJsZURhdGGjHR8gVk5TRGF0YVhOU09iamVjdNIbHCIjXE5TRGljdGlvbmFyeaIiIF8QD05TS2V5ZWRBcmNoaXZlctEmJ1Ryb290gAEACAARABoAIwAtADIANwBAAEYATQBVAGAAZwBqAGwAbgBxAHMAdQB3AIQAjgCyALcAvwJVAlcCXAJnAnACfgKCAokCkgKXAqQCpwK5ArwCwQAAAAAAAAIBAAAAAAAAACgAAAAAAAAAAAAAAAAAAALD},
	Bdsk-File-2 = {YnBsaXN0MDDUAQIDBAUGJCVYJHZlcnNpb25YJG9iamVjdHNZJGFyY2hpdmVyVCR0b3ASAAGGoKgHCBMUFRYaIVUkbnVsbNMJCgsMDxJXTlMua2V5c1pOUy5vYmplY3RzViRjbGFzc6INDoACgAOiEBGABIAFgAdccmVsYXRpdmVQYXRoWWFsaWFzRGF0YV8QJi4uLy4uLy4uL3BkZnMvYnNwaGFzZWVuY29kaW5nIGNvcHkucGRm0hcLGBlXTlMuZGF0YU8RAaYAAAAAAaYAAgAADE1hY2ludG9zaCBIRAAAAAAAAAAAAAAAAAAAAM/T5HZIKwAAAC/t7hhic3BoYXNlZW5jb2RpbmcgY29weS5wZGYAAAAAAAAAAAAAAAAAAAAAAAAAAAAAAAAAAAAAAAAAAAAAAAAAAAAAL/Bgzzy/YgAAAAAAAAAAAAMAAgAACSAAAAAAAAAAAAAAAAAAAAAEcGRmcwAQAAgAAM/UKsYAAAARAAgAAM89E8IAAAABABAAL+3uAC3MaQAdPWAAHT0SAAIAQE1hY2ludG9zaCBIRDpVc2VyczoAZ3VpbGxlOgBkb2NzOgBwZGZzOgBic3BoYXNlZW5jb2RpbmcgY29weS5wZGYADgAyABgAYgBzAHAAaABhAHMAZQBlAG4AYwBvAGQAaQBuAGcAIABjAG8AcAB5AC4AcABkAGYADwAaAAwATQBhAGMAaQBuAHQAbwBzAGgAIABIAEQAEgAvVXNlcnMvZ3VpbGxlL2RvY3MvcGRmcy9ic3BoYXNlZW5jb2RpbmcgY29weS5wZGYAABMAAS8AABUAAgAN//8AAIAG0hscHR5aJGNsYXNzbmFtZVgkY2xhc3Nlc11OU011dGFibGVEYXRhox0fIFZOU0RhdGFYTlNPYmplY3TSGxwiI1xOU0RpY3Rpb25hcnmiIiBfEA9OU0tleWVkQXJjaGl2ZXLRJidUcm9vdIABAAgAEQAaACMALQAyADcAQABGAE0AVQBgAGcAagBsAG4AcQBzAHUAdwCEAI4AtwC8AMQCbgJwAnUCgAKJApcCmwKiAqsCsAK9AsAC0gLVAtoAAAAAAAACAQAAAAAAAAAoAAAAAAAAAAAAAAAAAAAC3A==}}

@article{Garwood:2001:J-Magn-Reson:11740891,
	Abstract = {Frequency-modulated (FM) pulses that function according to adiabatic principles are becoming increasingly popular in many areas of NMR. Often adiabatic pulses can extend experimental capabilities and minimize annoying experimental imperfections. Here, adiabatic principles and some of the current methods used to create these pulses are considered. The classical adiabatic rapid passage, which is a fundamental element upon which all adiabatic pulses and sequences are based, is analyzed using vector models in different rotating frames of reference. Two methods to optimize adiabaticity are described, and ways to tailor modulation functions to best satisfy specific experimental needs are demonstrated. Finally, adiabatic plane rotation pulses and frequency-selective multiple spin-echo sequences are considered.},
	Author = {Garwood, M and DelaBarre, L},
	Date-Added = {2016-03-10 18:46:31 +0000},
	Date-Modified = {2016-03-10 19:33:20 +0000},
	Doi = {10.1006/jmre.2001.2340},
	Journal = {J Magn Reson},
	Local-Url = {file://localhost/Users/guille/research_local/pdfs/http---www.sciencedirect.com.proxy.lib.umich.edu-science%3F_ob=MImg&_imagekey=B6WJX-457VF60-J-1&_cdi=6890&_user=99318&_orig=browse&_coverDate=12%252F31%252F2001&_sk=998469997&view=c&wchp=dGLbVzW-zSkWz&md5=313ef4d1c81faf1f7bb833fee62c0aa6&ie=-sdarticle.pdf},
	Month = {Dec},
	Number = {2},
	Pages = {155-177},
	Pmid = {11740891},
	Title = {The return of the frequency sweep: designing adiabatic pulses for contemporary {NMR}},
	Volume = {153},
	Year = {2001},
	Bdsk-File-1 = {YnBsaXN0MDDUAQIDBAUGJCVYJHZlcnNpb25YJG9iamVjdHNZJGFyY2hpdmVyVCR0b3ASAAGGoKgHCBMUFRYaIVUkbnVsbNMJCgsMDxJXTlMua2V5c1pOUy5vYmplY3RzViRjbGFzc6INDoACgAOiEBGABIAFgAdccmVsYXRpdmVQYXRoWWFsaWFzRGF0YV8RAQcuLi8uLi8uLi9wZGZzL2h0dHAtLS13d3cuc2NpZW5jZWRpcmVjdC5jb20ucHJveHkubGliLnVtaWNoLmVkdS1zY2llbmNlP19vYj1NSW1nJl9pbWFnZWtleT1CNldKWC00NTdWRjYwLUotMSZfY2RpPTY4OTAmX3VzZXI9OTkzMTgmX29yaWc9YnJvd3NlJl9jb3ZlckRhdGU9MTIlMkYzMSUyRjIwMDEmX3NrPTk5ODQ2OTk5NyZ2aWV3PWMmd2NocD1kR0xiVnpXLXpTa1d6Jm1kNT0zMTNlZjRkMWM4MWZhZjFmN2JiODMzZmVlNjJjMGFhNiZpZT0tc2RhcnRpY2xlLnBkZtIXCxgZV05TLmRhdGFPEQRQAAAAAARQAAIAAAxNYWNpbnRvc2ggSEQAAAAAAAAAAAAAAAAAAADP0+R2SCsAAAAv7e4faHR0cC0tLXd3dy5zY2llbmNlZGkjMkZGMTQzLnBkZgAAAAAAAAAAAAAAAAAAAAAAAAAAAAAAAAAAAAAAAAAAAC/xQ8W3leZQREYgAAAAAAADAAIAAAkgAAAAAAAAAAAAAAAAAAAABHBkZnMAEAAIAADP1CrGAAAAEQAIAADFt+pGAAAAAQAQAC/t7gAtzGkAHT1gAB09EgACAEdNYWNpbnRvc2ggSEQ6VXNlcnM6AGd1aWxsZToAZG9jczoAcGRmczoAaHR0cC0tLXd3dy5zY2llbmNlZGkjMkZGMTQzLnBkZgAADgH0APkAaAB0AHQAcAAtAC0ALQB3AHcAdwAuAHMAYwBpAGUAbgBjAGUAZABpAHIAZQBjAHQALgBjAG8AbQAuAHAAcgBvAHgAeQAuAGwAaQBiAC4AdQBtAGkAYwBoAC4AZQBkAHUALQBzAGMAaQBlAG4AYwBlAD8AXwBvAGIAPQBNAEkAbQBnACYAXwBpAG0AYQBnAGUAawBlAHkAPQBCADYAVwBKAFgALQA0ADUANwBWAEYANgAwAC0ASgAtADEAJgBfAGMAZABpAD0ANgA4ADkAMAAmAF8AdQBzAGUAcgA9ADkAOQAzADEAOAAmAF8AbwByAGkAZwA9AGIAcgBvAHcAcwBlACYAXwBjAG8AdgBlAHIARABhAHQAZQA9ADEAMgAlADIARgAzADEAJQAyAEYAMgAwADAAMQAmAF8AcwBrAD0AOQA5ADgANAA2ADkAOQA5ADcAJgB2AGkAZQB3AD0AYwAmAHcAYwBoAHAAPQBkAEcATABiAFYAegBXAC0AegBTAGsAVwB6ACYAbQBkADUAPQAzADEAMwBlAGYANABkADEAYwA4ADEAZgBhAGYAMQBmADcAYgBiADgAMwAzAGYAZQBlADYAMgBjADAAYQBhADYAJgBpAGUAPQAtAHMAZABhAHIAdABpAGMAbABlAC4AcABkAGYADwAaAAwATQBhAGMAaQBuAHQAbwBzAGgAIABIAEQAEgEQVXNlcnMvZ3VpbGxlL2RvY3MvcGRmcy9odHRwLS0td3d3LnNjaWVuY2VkaXJlY3QuY29tLnByb3h5LmxpYi51bWljaC5lZHUtc2NpZW5jZT9fb2I9TUltZyZfaW1hZ2VrZXk9QjZXSlgtNDU3VkY2MC1KLTEmX2NkaT02ODkwJl91c2VyPTk5MzE4Jl9vcmlnPWJyb3dzZSZfY292ZXJEYXRlPTEyJTJGMzElMkYyMDAxJl9zaz05OTg0Njk5OTcmdmlldz1jJndjaHA9ZEdMYlZ6Vy16U2tXeiZtZDU9MzEzZWY0ZDFjODFmYWYxZjdiYjgzM2ZlZTYyYzBhYTYmaWU9LXNkYXJ0aWNsZS5wZGYAEwABLwAAFQACAA3//wAAgAbSGxwdHlokY2xhc3NuYW1lWCRjbGFzc2VzXU5TTXV0YWJsZURhdGGjHR8gVk5TRGF0YVhOU09iamVjdNIbHCIjXE5TRGljdGlvbmFyeaIiIF8QD05TS2V5ZWRBcmNoaXZlctEmJ1Ryb290gAEACAARABoAIwAtADIANwBAAEYATQBVAGAAZwBqAGwAbgBxAHMAdQB3AIQAjgGZAZ4BpgX6BfwGAQYMBhUGIwYnBi4GNwY8BkkGTAZeBmEGZgAAAAAAAAIBAAAAAAAAACgAAAAAAAAAAAAAAAAAAAZo},
	Bdsk-Url-1 = {http://www.hubmed.org/display.cgi?uids=11740891},
	Bdsk-Url-2 = {http://dx.doi.org/10.1006/jmre.2001.2340}}

@article{janki:2013,
	Author = {Jankiewicz, M and Gore, J C and Grissom, W A},
	Date-Added = {2016-02-27 03:34:09 +0000},
	Date-Modified = {2016-02-27 03:34:09 +0000},
	Journal = {J Magn Reson},
	Pages = {79--87},
	Title = {Improved encoding pulses for {Bloch-Siegert} {$B_1^+$} mapping},
	Volume = {226},
	Year = {2013},
	Bdsk-File-1 = {YnBsaXN0MDDUAQIDBAUGJCVYJHZlcnNpb25YJG9iamVjdHNZJGFyY2hpdmVyVCR0b3ASAAGGoKgHCBMUFRYaIVUkbnVsbNMJCgsMDxJXTlMua2V5c1pOUy5vYmplY3RzViRjbGFzc6INDoACgAOiEBGABIAFgAdccmVsYXRpdmVQYXRoWWFsaWFzRGF0YV8QLy4uLy4uLy4uL3BkZnMvMS1zMi4wLVMxMDkwNzgwNzEyMDAzNDEyLW1haW4ucGRm0hcLGBlXTlMuZGF0YU8RAcgAAAAAAcgAAgAADE1hY2ludG9zaCBIRAAAAAAAAAAAAAAAAAAAAM/T5HZIKwAAAC/t7h8xLXMyLjAtUzEwOTA3ODA3MTIwMCMyRkVFQUQucGRmAAAAAAAAAAAAAAAAAAAAAAAAAAAAAAAAAAAAAAAAAAAAL+6tzOdlEwAAAAAAAAAAAAMAAgAACSAAAAAAAAAAAAAAAAAAAAAEcGRmcwAQAAgAAM/UKsYAAAARAAgAAMznuXMAAAABABAAL+3uAC3MaQAdPWAAHT0SAAIAR01hY2ludG9zaCBIRDpVc2VyczoAZ3VpbGxlOgBkb2NzOgBwZGZzOgAxLXMyLjAtUzEwOTA3ODA3MTIwMCMyRkVFQUQucGRmAAAOAEQAIQAxAC0AcwAyAC4AMAAtAFMAMQAwADkAMAA3ADgAMAA3ADEAMgAwADAAMwA0ADEAMgAtAG0AYQBpAG4ALgBwAGQAZgAPABoADABNAGEAYwBpAG4AdABvAHMAaAAgAEgARAASADhVc2Vycy9ndWlsbGUvZG9jcy9wZGZzLzEtczIuMC1TMTA5MDc4MDcxMjAwMzQxMi1tYWluLnBkZgATAAEvAAAVAAIADf//AACABtIbHB0eWiRjbGFzc25hbWVYJGNsYXNzZXNdTlNNdXRhYmxlRGF0YaMdHyBWTlNEYXRhWE5TT2JqZWN00hscIiNcTlNEaWN0aW9uYXJ5oiIgXxAPTlNLZXllZEFyY2hpdmVy0SYnVHJvb3SAAQAIABEAGgAjAC0AMgA3AEAARgBNAFUAYABnAGoAbABuAHEAcwB1AHcAhACOAMAAxQDNApkCmwKgAqsCtALCAsYCzQLWAtsC6ALrAv0DAAMFAAAAAAAAAgEAAAAAAAAAKAAAAAAAAAAAAAAAAAAAAwc=}}

@url{gnuradiovendors,
	Date-Added = {2015-12-23 17:25:31 +0000},
	Date-Modified = {2015-12-23 17:27:22 +0000},
	Lastchecked = {December, 2015},
	Title = {A Quick Guide to Hardware and {GNU Radio}},
	Url = {https://gnuradio.org/redmine/projects/gnuradio/wiki/Hardware},
	Bdsk-Url-1 = {https://gnuradio.org/redmine/projects/gnuradio/wiki/Hardware}}

@article{PER-GRA:2007,
	Author = {P\'erez, Fernando and Granger, Brian E.},
	Doi = {10.1109/MCSE.2007.53},
	Issn = {1521-9615},
	Journal = {Computing in Science and Engineering},
	Month = may,
	Number = {3},
	Pages = {21--29},
	Publisher = {IEEE Computer Society},
	Title = {{IP}ython: a System for Interactive Scientific Computing},
	Url = {http://ipython.org},
	Volume = {9},
	Year = 2007,
	Bdsk-Url-1 = {http://ipython.org},
	Bdsk-Url-2 = {http://dx.doi.org/10.1109/MCSE.2007.53}}

@article{peng:domp:2012,
	Author = {Peng, W K and Chen, L and Han, J},
	Date-Added = {2015-12-23 03:45:01 +0000},
	Date-Modified = {2015-12-23 03:45:01 +0000},
	Journal = {Rev Sci Instrum},
	Pages = {095115},
	Title = {Development of miniaturized, portable magnetic resonance relaxometry system for point-of-care medical diagnosis},
	Volume = {83},
	Year = {2012}}

@article{4915785,
	Abstract = { Large-tip-angle multidimensional radio-frequency (RF) pulse design is a difficult problem, due to the nonlinear response of magnetization to applied RF at large tip-angles. In parallel excitation, multidimensional RF pulse design is further complicated by the possibility for transmit field patterns to change between subjects, requiring pulses to be designed rapidly while a subject lies in the scanner. To accelerate pulse design, we introduce a fast version of the optimal control method for large-tip-angle parallel excitation. The new method is based on a novel approach to analytically linearizing the Bloch equation about a large-tip-angle RF pulse, which results in an approximate linear model for the perturbations created by adding a small-tip-angle pulse to a large-tip-angle pulse. The linear model can be evaluated rapidly using nonuniform fast Fourier transforms, and we apply it iteratively to produce a sequence of pulse updates that improve excitation accuracy. We achieve drastic reductions in design time and memory requirements compared to conventional optimal control, while producing pulses of similar accuracy. The new method can also compensate for nonidealities such as main field inhomogeneties. },
	Author = {Grissom, W A and Xu, D and Kerr, A B and Fessler, J A and Noll, D C},
	Date-Added = {2015-12-23 03:19:06 +0000},
	Date-Modified = {2015-12-23 03:19:06 +0000},
	Doi = {10.1109/TMI.2009.2020064},
	Issn = {0278-0062},
	Journal = {IEEE Trans Med Imaging},
	Month = {Oct.},
	Number = {10},
	Pages = {1548-1559},
	Title = {Fast Large-Tip-Angle Multidimensional and Parallel {RF} Pulse Design in {MRI}},
	Volume = {28},
	Year = {2009},
	Bdsk-File-1 = {YnBsaXN0MDDUAQIDBAUGJCVYJHZlcnNpb25YJG9iamVjdHNZJGFyY2hpdmVyVCR0b3ASAAGGoKgHCBMUFRYaIVUkbnVsbNMJCgsMDxJXTlMua2V5c1pOUy5vYmplY3RzViRjbGFzc6INDoACgAOiEBGABIAFgAdccmVsYXRpdmVQYXRoWWFsaWFzRGF0YV8QHS4uLy4uLy4uL3BkZnMvZ3Jpc3NvbV9mb2MucGRm0hcLGBlXTlMuZGF0YU8RAYIAAAAAAYIAAgAADE1hY2ludG9zaCBIRAAAAAAAAAAAAAAAAAAAAM/T5HZIKwAAAC/t7g9ncmlzc29tX2ZvYy5wZGYAAAAAAAAAAAAAAAAAAAAAAAAAAAAAAAAAAAAAAAAAAAAAAAAAAAAAAAAAAAAAAAAAL/EjxvUMVVBERiBDQVJPAAMAAgAACSAAAAAAAAAAAAAAAAAAAAAEcGRmcwAQAAgAAM/UKsYAAAARAAgAAMb1UqUAAAABABAAL+3uAC3MaQAdPWAAHT0SAAIAN01hY2ludG9zaCBIRDpVc2VyczoAZ3VpbGxlOgBkb2NzOgBwZGZzOgBncmlzc29tX2ZvYy5wZGYAAA4AIAAPAGcAcgBpAHMAcwBvAG0AXwBmAG8AYwAuAHAAZABmAA8AGgAMAE0AYQBjAGkAbgB0AG8AcwBoACAASABEABIAJlVzZXJzL2d1aWxsZS9kb2NzL3BkZnMvZ3Jpc3NvbV9mb2MucGRmABMAAS8AABUAAgAN//8AAIAG0hscHR5aJGNsYXNzbmFtZVgkY2xhc3Nlc11OU011dGFibGVEYXRhox0fIFZOU0RhdGFYTlNPYmplY3TSGxwiI1xOU0RpY3Rpb25hcnmiIiBfEA9OU0tleWVkQXJjaGl2ZXLRJidUcm9vdIABAAgAEQAaACMALQAyADcAQABGAE0AVQBgAGcAagBsAG4AcQBzAHUAdwCEAI4ArgCzALsCQQJDAkgCUwJcAmoCbgJ1An4CgwKQApMCpQKoAq0AAAAAAAACAQAAAAAAAAAoAAAAAAAAAAAAAAAAAAACrw==},
	Bdsk-Url-1 = {http://dx.doi.org/10.1109/TMI.2009.2020064}}

@inproceedings{Toronto145,
	Abstract = {Transmit coil arrays have gained interest as a means of shortening selective excitation. However, a more urgent need exists in interventional MRI, where RF safety with guidewire coupling remains a major concern. We propose a transmit array system with the goal of creating safe RF excitations in the presence of guidewires. We are prototyping vector modulator electronics, low cost RF power amplifiers, and a 3 coil array to test feasibility of our approach.},
	Author = {Stang, P and Kerr, A B and Pauly, J M and Scott, G},
	Booktitle = {Proceedings 16th Scientific Meeting, International Society for Magnetic Resonance in Medicine, Toronto},
	Date-Added = {2015-12-23 03:18:45 +0000},
	Date-Modified = {2015-12-23 03:18:45 +0000},
	Keywords = {Seattle0128},
	Local-Url = {file://localhost/Users/guille/research_local/pdfs/00128.pdf},
	Pages = {145},
	Title = {An extensible transmit array system using vector modulation and measurement},
	Year = {2008},
	Bdsk-File-1 = {YnBsaXN0MDDUAQIDBAUGJCVYJHZlcnNpb25YJG9iamVjdHNZJGFyY2hpdmVyVCR0b3ASAAGGoKgHCBMUFRYaIVUkbnVsbNMJCgsMDxJXTlMua2V5c1pOUy5vYmplY3RzViRjbGFzc6INDoACgAOiEBGABIAFgAdccmVsYXRpdmVQYXRoWWFsaWFzRGF0YV8QFy4uLy4uLy4uL3BkZnMvMDAxNDUucGRm0hcLGBlXTlMuZGF0YU8RAWoAAAAAAWoAAgAADE1hY2ludG9zaCBIRAAAAAAAAAAAAAAAAAAAAM/T5HZIKwAAAC/t7gkwMDE0NS5wZGYAAAAAAAAAAAAAAAAAAAAAAAAAAAAAAAAAAAAAAAAAAAAAAAAAAAAAAAAAAAAAAAAAAAAAAAAAL+3/xTzquVBERiBDQVJPAAMAAgAACSAAAAAAAAAAAAAAAAAAAAAEcGRmcwAQAAgAAM/UKsYAAAARAAgAAMU9PxkAAAABABAAL+3uAC3MaQAdPWAAHT0SAAIAMU1hY2ludG9zaCBIRDpVc2VyczoAZ3VpbGxlOgBkb2NzOgBwZGZzOgAwMDE0NS5wZGYAAA4AFAAJADAAMAAxADQANQAuAHAAZABmAA8AGgAMAE0AYQBjAGkAbgB0AG8AcwBoACAASABEABIAIFVzZXJzL2d1aWxsZS9kb2NzL3BkZnMvMDAxNDUucGRmABMAAS8AABUAAgAN//8AAIAG0hscHR5aJGNsYXNzbmFtZVgkY2xhc3Nlc11OU011dGFibGVEYXRhox0fIFZOU0RhdGFYTlNPYmplY3TSGxwiI1xOU0RpY3Rpb25hcnmiIiBfEA9OU0tleWVkQXJjaGl2ZXLRJidUcm9vdIABAAgAEQAaACMALQAyADcAQABGAE0AVQBgAGcAagBsAG4AcQBzAHUAdwCEAI4AqACtALUCIwIlAioCNQI+AkwCUAJXAmACZQJyAnUChwKKAo8AAAAAAAACAQAAAAAAAAAoAAAAAAAAAAAAAAAAAAACkQ==},
	Bdsk-File-2 = {YnBsaXN0MDDUAQIDBAUGJCVYJHZlcnNpb25YJG9iamVjdHNZJGFyY2hpdmVyVCR0b3ASAAGGoKgHCBMUFRYaIVUkbnVsbNMJCgsMDxJXTlMua2V5c1pOUy5vYmplY3RzViRjbGFzc6INDoACgAOiEBGABIAFgAdccmVsYXRpdmVQYXRoWWFsaWFzRGF0YV8QFy4uLy4uLy4uL3BkZnMvMDAxMjgucGRm0hcLGBlXTlMuZGF0YU8RAWoAAAAAAWoAAgAADE1hY2ludG9zaCBIRAAAAAAAAAAAAAAAAAAAAM/T5HZIKwAAAC/t7gkwMDEyOC5wZGYAAAAAAAAAAAAAAAAAAAAAAAAAAAAAAAAAAAAAAAAAAAAAAAAAAAAAAAAAAAAAAAAAAAAAAAAAL+3+wZzrKgAAAAAAAAAAAAMAAgAACSAAAAAAAAAAAAAAAAAAAAAEcGRmcwAQAAgAAM/UKsYAAAARAAgAAMGdP4oAAAABABAAL+3uAC3MaQAdPWAAHT0SAAIAMU1hY2ludG9zaCBIRDpVc2VyczoAZ3VpbGxlOgBkb2NzOgBwZGZzOgAwMDEyOC5wZGYAAA4AFAAJADAAMAAxADIAOAAuAHAAZABmAA8AGgAMAE0AYQBjAGkAbgB0AG8AcwBoACAASABEABIAIFVzZXJzL2d1aWxsZS9kb2NzL3BkZnMvMDAxMjgucGRmABMAAS8AABUAAgAN//8AAIAG0hscHR5aJGNsYXNzbmFtZVgkY2xhc3Nlc11OU011dGFibGVEYXRhox0fIFZOU0RhdGFYTlNPYmplY3TSGxwiI1xOU0RpY3Rpb25hcnmiIiBfEA9OU0tleWVkQXJjaGl2ZXLRJidUcm9vdIABAAgAEQAaACMALQAyADcAQABGAE0AVQBgAGcAagBsAG4AcQBzAHUAdwCEAI4AqACtALUCIwIlAioCNQI+AkwCUAJXAmACZQJyAnUChwKKAo8AAAAAAAACAQAAAAAAAAAoAAAAAAAAAAAAAAAAAAACkQ==}}

@article{parnell:dpns:2008,
	Author = {Parnell, S R and Woolley, E B and Boag, S and Frost, C D},
	Date-Added = {2015-12-23 03:08:16 +0000},
	Date-Modified = {2015-12-23 03:09:31 +0000},
	Journal = {Meas Sci Technol},
	Pages = {045601},
	Title = {Digital pulsed {NMR} spectrometer for nuclear spin-polarized {$^3$He} and other hyperpolarized gases},
	Volume = {19},
	Year = {2008},
	Bdsk-File-1 = {YnBsaXN0MDDUAQIDBAUGJCVYJHZlcnNpb25YJG9iamVjdHNZJGFyY2hpdmVyVCR0b3ASAAGGoKgHCBMUFRYaIVUkbnVsbNMJCgsMDxJXTlMua2V5c1pOUy5vYmplY3RzViRjbGFzc6INDoACgAOiEBGABIAFgAdccmVsYXRpdmVQYXRoWWFsaWFzRGF0YV8QLS4uLy4uLy4uL3BkZnMvMGZjZmQ1MGY2ZDg1NWViNjExMDAwMDAwcGRmLnBkZtIXCxgZV05TLmRhdGFPEQHCAAAAAAHCAAIAAAxNYWNpbnRvc2ggSEQAAAAAAAAAAAAAAAAAAADP0+R2SCsAAAAv7e4fMGZjZmQ1MGY2ZDg1NWViNjExMDAwMDAwcGRmLnBkZgAAAAAAAAAAAAAAAAAAAAAAAAAAAAAAAAAAAAAAAAAAATBd39KfbC4AAAAAAAAAAAADAAIAAAkgAAAAAAAAAAAAAAAAAAAABHBkZnMAEAAIAADP1CrGAAAAEQAIAADSn8COAAAAAQAQAC/t7gAtzGkAHT1gAB09EgACAEdNYWNpbnRvc2ggSEQ6VXNlcnM6AGd1aWxsZToAZG9jczoAcGRmczoAMGZjZmQ1MGY2ZDg1NWViNjExMDAwMDAwcGRmLnBkZgAADgBAAB8AMABmAGMAZgBkADUAMABmADYAZAA4ADUANQBlAGIANgAxADEAMAAwADAAMAAwADAAcABkAGYALgBwAGQAZgAPABoADABNAGEAYwBpAG4AdABvAHMAaAAgAEgARAASADZVc2Vycy9ndWlsbGUvZG9jcy9wZGZzLzBmY2ZkNTBmNmQ4NTVlYjYxMTAwMDAwMHBkZi5wZGYAEwABLwAAFQACAA3//wAAgAbSGxwdHlokY2xhc3NuYW1lWCRjbGFzc2VzXU5TTXV0YWJsZURhdGGjHR8gVk5TRGF0YVhOU09iamVjdNIbHCIjXE5TRGljdGlvbmFyeaIiIF8QD05TS2V5ZWRBcmNoaXZlctEmJ1Ryb290gAEACAARABoAIwAtADIANwBAAEYATQBVAGAAZwBqAGwAbgBxAHMAdQB3AIQAjgC+AMMAywKRApMCmAKjAqwCugK+AsUCzgLTAuAC4wL1AvgC/QAAAAAAAAIBAAAAAAAAACgAAAAAAAAAAAAAAAAAAAL/}}

@article{barmet:atrs:2009,
	Author = {Barmet, C and De Zanche, N and Wilm, B J and Pruessmann, K P},
	Date-Added = {2015-12-23 03:04:14 +0000},
	Date-Modified = {2015-12-23 03:04:14 +0000},
	Journal = {Magn Reson Med},
	Pages = {269--276},
	Title = {A transmit/receive system for magnetic field monitoring of in vivo {MRI}},
	Volume = {62},
	Year = {2009},
	Bdsk-File-1 = {YnBsaXN0MDDUAQIDBAUGJCVYJHZlcnNpb25YJG9iamVjdHNZJGFyY2hpdmVyVCR0b3ASAAGGoKgHCBMUFRYaIVUkbnVsbNMJCgsMDxJXTlMua2V5c1pOUy5vYmplY3RzViRjbGFzc6INDoACgAOiEBGABIAFgAdccmVsYXRpdmVQYXRoWWFsaWFzRGF0YV8QQi4uLy4uLy4uL3BkZnMvQmFybWV0X2V0X2FsLTIwMDktTWFnbmV0aWNfUmVzb25hbmNlX2luX01lZGljaW5lLnBkZtIXCxgZV05TLmRhdGFPEQICAAAAAAICAAIAAAxNYWNpbnRvc2ggSEQAAAAAAAAAAAAAAAAAAADP0+R2SCsAAAAv7e4fQmFybWV0X2V0X2FsLTIwMDktTSMxMzA0NDEzLnBkZgAAAAAAAAAAAAAAAAAAAAAAAAAAAAAAAAAAAAAAAAAAATBEE85w+RAAAAAAAAAAAAADAAIAAAkgAAAAAAAAAAAAAAAAAAAABHBkZnMAEAAIAADP1CrGAAAAEQAIAADOcT9gAAAAAQAQAC/t7gAtzGkAHT1gAB09EgACAEdNYWNpbnRvc2ggSEQ6VXNlcnM6AGd1aWxsZToAZG9jczoAcGRmczoAQmFybWV0X2V0X2FsLTIwMDktTSMxMzA0NDEzLnBkZgAADgBqADQAQgBhAHIAbQBlAHQAXwBlAHQAXwBhAGwALQAyADAAMAA5AC0ATQBhAGcAbgBlAHQAaQBjAF8AUgBlAHMAbwBuAGEAbgBjAGUAXwBpAG4AXwBNAGUAZABpAGMAaQBuAGUALgBwAGQAZgAPABoADABNAGEAYwBpAG4AdABvAHMAaAAgAEgARAASAEtVc2Vycy9ndWlsbGUvZG9jcy9wZGZzL0Jhcm1ldF9ldF9hbC0yMDA5LU1hZ25ldGljX1Jlc29uYW5jZV9pbl9NZWRpY2luZS5wZGYAABMAAS8AABUAAgAN//8AAIAG0hscHR5aJGNsYXNzbmFtZVgkY2xhc3Nlc11OU011dGFibGVEYXRhox0fIFZOU0RhdGFYTlNPYmplY3TSGxwiI1xOU0RpY3Rpb25hcnmiIiBfEA9OU0tleWVkQXJjaGl2ZXLRJidUcm9vdIABAAgAEQAaACMALQAyADcAQABGAE0AVQBgAGcAagBsAG4AcQBzAHUAdwCEAI4A0wDYAOAC5gLoAu0C+AMBAw8DEwMaAyMDKAM1AzgDSgNNA1IAAAAAAAACAQAAAAAAAAAoAAAAAAAAAAAAAAAAAAADVA==}}

@article{bodurka:smmd:2004,
	Author = {Bodurka, J and Ledden, P J and van Gelderen, P and Chu, R and de Zwart, J A and Morris, D and Duyn, J H},
	Date-Added = {2015-12-23 03:04:14 +0000},
	Date-Modified = {2015-12-23 03:04:14 +0000},
	Journal = {Magn Reson Med},
	Number = {1},
	Pages = {165--171},
	Title = {Scalable multichannel {MRI} data acquisition system},
	Volume = {51},
	Year = {2004},
	Bdsk-File-1 = {YnBsaXN0MDDUAQIDBAUGJCVYJHZlcnNpb25YJG9iamVjdHNZJGFyY2hpdmVyVCR0b3ASAAGGoKgHCBMUFRYaIVUkbnVsbNMJCgsMDxJXTlMua2V5c1pOUy5vYmplY3RzViRjbGFzc6INDoACgAOiEBGABIAFgAdccmVsYXRpdmVQYXRoWWFsaWFzRGF0YV8QKC4uLy4uLy4uL3BkZnMvc2NhbF9tdWx0X21yaV9kYXRhMjAwNC5wZGbSFwsYGVdOUy5kYXRhTxEBrgAAAAABrgACAAAMTWFjaW50b3NoIEhEAAAAAAAAAAAAAAAAAAAAz9PkdkgrAAAAL+3uGnNjYWxfbXVsdF9tcmlfZGF0YTIwMDQucGRmAAAAAAAAAAAAAAAAAAAAAAAAAAAAAAAAAAAAAAAAAAAAAAAAAAEwL7XSnyWEAAAAAAAAAAAAAwACAAAJIAAAAAAAAAAAAAAAAAAAAARwZGZzABAACAAAz9QqxgAAABEACAAA0p955AAAAAEAEAAv7e4ALcxpAB09YAAdPRIAAgBCTWFjaW50b3NoIEhEOlVzZXJzOgBndWlsbGU6AGRvY3M6AHBkZnM6AHNjYWxfbXVsdF9tcmlfZGF0YTIwMDQucGRmAA4ANgAaAHMAYwBhAGwAXwBtAHUAbAB0AF8AbQByAGkAXwBkAGEAdABhADIAMAAwADQALgBwAGQAZgAPABoADABNAGEAYwBpAG4AdABvAHMAaAAgAEgARAASADFVc2Vycy9ndWlsbGUvZG9jcy9wZGZzL3NjYWxfbXVsdF9tcmlfZGF0YTIwMDQucGRmAAATAAEvAAAVAAIADf//AACABtIbHB0eWiRjbGFzc25hbWVYJGNsYXNzZXNdTlNNdXRhYmxlRGF0YaMdHyBWTlNEYXRhWE5TT2JqZWN00hscIiNcTlNEaWN0aW9uYXJ5oiIgXxAPTlNLZXllZEFyY2hpdmVy0SYnVHJvb3SAAQAIABEAGgAjAC0AMgA3AEAARgBNAFUAYABnAGoAbABuAHEAcwB1AHcAhACOALkAvgDGAngCegJ/AooCkwKhAqUCrAK1AroCxwLKAtwC3wLkAAAAAAAAAgEAAAAAAAAAKAAAAAAAAAAAAAAAAAAAAuY=}}

@article{ulcn:jmr:2015,
	Author = {Chen, H-Y and Kim, Y and Nath, P and Hilty, C},
	Date-Added = {2015-12-23 03:04:14 +0000},
	Date-Modified = {2015-12-23 03:04:14 +0000},
	Journal = {J Magn Reson},
	Pages = {100--105},
	Title = {An ultra-low cost {NMR} device with arbitrary pulse programming},
	Volume = {255},
	Year = {2015},
	Bdsk-File-1 = {YnBsaXN0MDDUAQIDBAUGJCVYJHZlcnNpb25YJG9iamVjdHNZJGFyY2hpdmVyVCR0b3ASAAGGoKgHCBMUFRYaIVUkbnVsbNMJCgsMDxJXTlMua2V5c1pOUy5vYmplY3RzViRjbGFzc6INDoACgAOiEBGABIAFgAdccmVsYXRpdmVQYXRoWWFsaWFzRGF0YV8QLy4uLy4uLy4uL3BkZnMvMS1zMi4wLVMxMDkwNzgwNzE1MDAwNDUyLW1haW4ucGRm0hcLGBlXTlMuZGF0YU8RAcgAAAAAAcgAAgAADE1hY2ludG9zaCBIRAAAAAAAAAAAAAAAAAAAAM/T5HZIKwAAAC/t7h8xLXMyLjAtUzEwOTA3ODA3MTUwMCNCNjQ4MzQucGRmAAAAAAAAAAAAAAAAAAAAAAAAAAAAAAAAAAAAAAAAAAAAtkg00iRr1QAAAAAAAAAAAAMAAgAACSAAAAAAAAAAAAAAAAAAAAAEcGRmcwAQAAgAAM/UKsYAAAARAAgAANIksiUAAAABABAAL+3uAC3MaQAdPWAAHT0SAAIAR01hY2ludG9zaCBIRDpVc2VyczoAZ3VpbGxlOgBkb2NzOgBwZGZzOgAxLXMyLjAtUzEwOTA3ODA3MTUwMCNCNjQ4MzQucGRmAAAOAEQAIQAxAC0AcwAyAC4AMAAtAFMAMQAwADkAMAA3ADgAMAA3ADEANQAwADAAMAA0ADUAMgAtAG0AYQBpAG4ALgBwAGQAZgAPABoADABNAGEAYwBpAG4AdABvAHMAaAAgAEgARAASADhVc2Vycy9ndWlsbGUvZG9jcy9wZGZzLzEtczIuMC1TMTA5MDc4MDcxNTAwMDQ1Mi1tYWluLnBkZgATAAEvAAAVAAIADf//AACABtIbHB0eWiRjbGFzc25hbWVYJGNsYXNzZXNdTlNNdXRhYmxlRGF0YaMdHyBWTlNEYXRhWE5TT2JqZWN00hscIiNcTlNEaWN0aW9uYXJ5oiIgXxAPTlNLZXllZEFyY2hpdmVy0SYnVHJvb3SAAQAIABEAGgAjAC0AMgA3AEAARgBNAFUAYABnAGoAbABuAHEAcwB1AHcAhACOAMAAxQDNApkCmwKgAqsCtALCAsYCzQLWAtsC6ALrAv0DAAMFAAAAAAAAAgEAAAAAAAAAKAAAAAAAAAAAAAAAAAAAAwc=}}

@article{gengying:dnmr:2001,
	Author = {Gengying, L and Yu, J and Xiaolong, Y and Yun, J},
	Date-Added = {2015-12-23 03:04:14 +0000},
	Date-Modified = {2015-12-23 03:04:14 +0000},
	Journal = {Rev Sci Instrum},
	Pages = {4460},
	Title = {Digital nuclear magnetic resonance spectrometer},
	Volume = {72},
	Year = {2001},
	Bdsk-File-1 = {YnBsaXN0MDDUAQIDBAUGJCVYJHZlcnNpb25YJG9iamVjdHNZJGFyY2hpdmVyVCR0b3ASAAGGoKgHCBMUFRYaIVUkbnVsbNMJCgsMDxJXTlMua2V5c1pOUy5vYmplY3RzViRjbGFzc6INDoACgAOiEBGABIAFgAdccmVsYXRpdmVQYXRoWWFsaWFzRGF0YV8QGy4uLy4uLy4uL3BkZnMvMS4xMzg2NjI5LnBkZtIXCxgZV05TLmRhdGFPEQF6AAAAAAF6AAIAAAxNYWNpbnRvc2ggSEQAAAAAAAAAAAAAAAAAAADP0+R2SCsAAAAv7e4NMS4xMzg2NjI5LnBkZgAAAAAAAAAAAAAAAAAAAAAAAAAAAAAAAAAAAAAAAAAAAAAAAAAAAAAAAAAAAAAAAAAAATAwWNKfJf0AAAAAAAAAAAADAAIAAAkgAAAAAAAAAAAAAAAAAAAABHBkZnMAEAAIAADP1CrGAAAAEQAIAADSn3pdAAAAAQAQAC/t7gAtzGkAHT1gAB09EgACADVNYWNpbnRvc2ggSEQ6VXNlcnM6AGd1aWxsZToAZG9jczoAcGRmczoAMS4xMzg2NjI5LnBkZgAADgAcAA0AMQAuADEAMwA4ADYANgAyADkALgBwAGQAZgAPABoADABNAGEAYwBpAG4AdABvAHMAaAAgAEgARAASACRVc2Vycy9ndWlsbGUvZG9jcy9wZGZzLzEuMTM4NjYyOS5wZGYAEwABLwAAFQACAA3//wAAgAbSGxwdHlokY2xhc3NuYW1lWCRjbGFzc2VzXU5TTXV0YWJsZURhdGGjHR8gVk5TRGF0YVhOU09iamVjdNIbHCIjXE5TRGljdGlvbmFyeaIiIF8QD05TS2V5ZWRBcmNoaXZlctEmJ1Ryb290gAEACAARABoAIwAtADIANwBAAEYATQBVAGAAZwBqAGwAbgBxAHMAdQB3AIQAjgCsALEAuQI3AjkCPgJJAlICYAJkAmsCdAJ5AoYCiQKbAp4CowAAAAAAAAIBAAAAAAAAACgAAAAAAAAAAAAAAAAAAAKl}}

@article{gadgetron,
	Author = {Hansen, M S and S\orensen, T S},
	Date-Added = {2015-12-23 03:04:14 +0000},
	Date-Modified = {2015-12-23 03:04:14 +0000},
	Journal = {Magn Reson Med},
	Number = {6},
	Pages = {1768--1776},
	Title = {Gadgetron: {An} open source framework for medical image reconstruction},
	Volume = {69},
	Year = {2013},
	Bdsk-File-1 = {YnBsaXN0MDDUAQIDBAUGJCVYJHZlcnNpb25YJG9iamVjdHNZJGFyY2hpdmVyVCR0b3ASAAGGoKgHCBMUFRYaIVUkbnVsbNMJCgsMDxJXTlMua2V5c1pOUy5vYmplY3RzViRjbGFzc6INDoACgAOiEBGABIAFgAdccmVsYXRpdmVQYXRoWWFsaWFzRGF0YV8QQi4uLy4uLy4uL3BkZnMvSGFuc2VuX2V0X2FsLTIwMTMtTWFnbmV0aWNfUmVzb25hbmNlX2luX01lZGljaW5lLnBkZtIXCxgZV05TLmRhdGFPEQICAAAAAAICAAIAAAxNYWNpbnRvc2ggSEQAAAAAAAAAAAAAAAAAAADP0+R2SCsAAAAv7e4fSGFuc2VuX2V0X2FsLTIwMTMtTWEjQkUxNDRCLnBkZgAAAAAAAAAAAAAAAAAAAAAAAAAAAAAAAAAAAAAAAAAAAL4US9H7WbEAAAAAAAAAAAADAAIAAAkgAAAAAAAAAAAAAAAAAAAABHBkZnMAEAAIAADP1CrGAAAAEQAIAADR+6ABAAAAAQAQAC/t7gAtzGkAHT1gAB09EgACAEdNYWNpbnRvc2ggSEQ6VXNlcnM6AGd1aWxsZToAZG9jczoAcGRmczoASGFuc2VuX2V0X2FsLTIwMTMtTWEjQkUxNDRCLnBkZgAADgBqADQASABhAG4AcwBlAG4AXwBlAHQAXwBhAGwALQAyADAAMQAzAC0ATQBhAGcAbgBlAHQAaQBjAF8AUgBlAHMAbwBuAGEAbgBjAGUAXwBpAG4AXwBNAGUAZABpAGMAaQBuAGUALgBwAGQAZgAPABoADABNAGEAYwBpAG4AdABvAHMAaAAgAEgARAASAEtVc2Vycy9ndWlsbGUvZG9jcy9wZGZzL0hhbnNlbl9ldF9hbC0yMDEzLU1hZ25ldGljX1Jlc29uYW5jZV9pbl9NZWRpY2luZS5wZGYAABMAAS8AABUAAgAN//8AAIAG0hscHR5aJGNsYXNzbmFtZVgkY2xhc3Nlc11OU011dGFibGVEYXRhox0fIFZOU0RhdGFYTlNPYmplY3TSGxwiI1xOU0RpY3Rpb25hcnmiIiBfEA9OU0tleWVkQXJjaGl2ZXLRJidUcm9vdIABAAgAEQAaACMALQAyADcAQABGAE0AVQBgAGcAagBsAG4AcQBzAHUAdwCEAI4A0wDYAOAC5gLoAu0C+AMBAw8DEwMaAyMDKAM1AzgDSgNNA1IAAAAAAAACAQAAAAAAAAAoAAAAAAAAAAAAAAAAAAADVA==}}

@article{hashimoto:doap:2012,
	Author = {Hashimoto, S and Kose, K and Haishi, T},
	Date-Added = {2015-12-23 03:04:14 +0000},
	Date-Modified = {2015-12-23 03:04:14 +0000},
	Journal = {Rev Sci Instrum},
	Pages = {053702},
	Title = {Development of a pulse programmer for magnetic resonance imaging using a personal computer and a high-speed digital input-output board},
	Volume = {83},
	Year = {2012},
	Bdsk-File-1 = {YnBsaXN0MDDUAQIDBAUGJCVYJHZlcnNpb25YJG9iamVjdHNZJGFyY2hpdmVyVCR0b3ASAAGGoKgHCBMUFRYaIVUkbnVsbNMJCgsMDxJXTlMua2V5c1pOUy5vYmplY3RzViRjbGFzc6INDoACgAOiEBGABIAFgAdccmVsYXRpdmVQYXRoWWFsaWFzRGF0YV8QKy4uLy4uLy4uL3BkZnMvMjAxMl9IYXNoaW1vdG9fUlNJXzA1MzcwMi5wZGbSFwsYGVdOUy5kYXRhTxEBugAAAAABugACAAAMTWFjaW50b3NoIEhEAAAAAAAAAAAAAAAAAAAAz9PkdkgrAAAAL+3uHTIwMTJfSGFzaGltb3RvX1JTSV8wNTM3MDIucGRmAAAAAAAAAAAAAAAAAAAAAAAAAAAAAAAAAAAAAAAAAAAAAAEsKKTSmHcMAAAAAAAAAAAAAwACAAAJIAAAAAAAAAAAAAAAAAAAAARwZGZzABAACAAAz9QqxgAAABEACAAA0pjLbAAAAAEAEAAv7e4ALcxpAB09YAAdPRIAAgBFTWFjaW50b3NoIEhEOlVzZXJzOgBndWlsbGU6AGRvY3M6AHBkZnM6ADIwMTJfSGFzaGltb3RvX1JTSV8wNTM3MDIucGRmAAAOADwAHQAyADAAMQAyAF8ASABhAHMAaABpAG0AbwB0AG8AXwBSAFMASQBfADAANQAzADcAMAAyAC4AcABkAGYADwAaAAwATQBhAGMAaQBuAHQAbwBzAGgAIABIAEQAEgA0VXNlcnMvZ3VpbGxlL2RvY3MvcGRmcy8yMDEyX0hhc2hpbW90b19SU0lfMDUzNzAyLnBkZgATAAEvAAAVAAIADf//AACABtIbHB0eWiRjbGFzc25hbWVYJGNsYXNzZXNdTlNNdXRhYmxlRGF0YaMdHyBWTlNEYXRhWE5TT2JqZWN00hscIiNcTlNEaWN0aW9uYXJ5oiIgXxAPTlNLZXllZEFyY2hpdmVy0SYnVHJvb3SAAQAIABEAGgAjAC0AMgA3AEAARgBNAFUAYABnAGoAbABuAHEAcwB1AHcAhACOALwAwQDJAocCiQKOApkCogKwArQCuwLEAskC1gLZAusC7gLzAAAAAAAAAgEAAAAAAAAAKAAAAAAAAAAAAAAAAAAAAvU=}}

@article{hoenninger:afpd:2002,
	Author = {Hoenninger, J C},
	Date-Added = {2015-12-23 03:04:14 +0000},
	Date-Modified = {2015-12-23 03:04:14 +0000},
	Journal = {IEEE Trans Biomed Eng},
	Number = {7},
	Pages = {689--693},
	Title = {A floating-point digital receiver for {MRI}},
	Volume = {49},
	Year = {2002},
	Bdsk-File-1 = {YnBsaXN0MDDUAQIDBAUGJCVYJHZlcnNpb25YJG9iamVjdHNZJGFyY2hpdmVyVCR0b3ASAAGGoKgHCBMUFRYaIVUkbnVsbNMJCgsMDxJXTlMua2V5c1pOUy5vYmplY3RzViRjbGFzc6INDoACgAOiEBGABIAFgAdccmVsYXRpdmVQYXRoWWFsaWFzRGF0YV8QGi4uLy4uLy4uL3BkZnMvMDEwMTA4NTIucGRm0hcLGBlXTlMuZGF0YU8RAXYAAAAAAXYAAgAADE1hY2ludG9zaCBIRAAAAAAAAAAAAAAAAAAAAM/T5HZIKwAAAC/t7gwwMTAxMDg1Mi5wZGYAAAAAAAAAAAAAAAAAAAAAAAAAAAAAAAAAAAAAAAAAAAAAAAAAAAAAAAAAAAAAAAAAAAABMDEY0p8mKAAAAAAAAAAAAAMAAgAACSAAAAAAAAAAAAAAAAAAAAAEcGRmcwAQAAgAAM/UKsYAAAARAAgAANKfeogAAAABABAAL+3uAC3MaQAdPWAAHT0SAAIANE1hY2ludG9zaCBIRDpVc2VyczoAZ3VpbGxlOgBkb2NzOgBwZGZzOgAwMTAxMDg1Mi5wZGYADgAaAAwAMAAxADAAMQAwADgANQAyAC4AcABkAGYADwAaAAwATQBhAGMAaQBuAHQAbwBzAGgAIABIAEQAEgAjVXNlcnMvZ3VpbGxlL2RvY3MvcGRmcy8wMTAxMDg1Mi5wZGYAABMAAS8AABUAAgAN//8AAIAG0hscHR5aJGNsYXNzbmFtZVgkY2xhc3Nlc11OU011dGFibGVEYXRhox0fIFZOU0RhdGFYTlNPYmplY3TSGxwiI1xOU0RpY3Rpb25hcnmiIiBfEA9OU0tleWVkQXJjaGl2ZXLRJidUcm9vdIABAAgAEQAaACMALQAyADcAQABGAE0AVQBgAGcAagBsAG4AcQBzAHUAdwCEAI4AqwCwALgCMgI0AjkCRAJNAlsCXwJmAm8CdAKBAoQClgKZAp4AAAAAAAACAQAAAAAAAAAoAAAAAAAAAAAAAAAAAAACoA==}}

@article{jie:hbmr:2005,
	Author = {Jie, S and Qin, X and Ying, L and Gengying, L},
	Date-Added = {2015-12-23 03:04:14 +0000},
	Date-Modified = {2015-12-23 03:04:14 +0000},
	Journal = {Rev Sci Instrum},
	Pages = {105101},
	Title = {Home-built magnetic resonance imaging system (0.3 {T}) with a complete digital spectrometer},
	Volume = {76},
	Year = {2005},
	Bdsk-File-1 = {YnBsaXN0MDDUAQIDBAUGJCVYJHZlcnNpb25YJG9iamVjdHNZJGFyY2hpdmVyVCR0b3ASAAGGoKgHCBMUFRYaIVUkbnVsbNMJCgsMDxJXTlMua2V5c1pOUy5vYmplY3RzViRjbGFzc6INDoACgAOiEBGABIAFgAdccmVsYXRpdmVQYXRoWWFsaWFzRGF0YV8QIi4uLy4uLy4uL3BkZnMvMS4yMDY5NzA3IGNvcHkgMi5wZGbSFwsYGVdOUy5kYXRhTxEBlgAAAAABlgACAAAMTWFjaW50b3NoIEhEAAAAAAAAAAAAAAAAAAAAz9PkdkgrAAAAL+3uFDEuMjA2OTcwNyBjb3B5IDIucGRmAAAAAAAAAAAAAAAAAAAAAAAAAAAAAAAAAAAAAAAAAAAAAAAAAAAAAAAAAAEwMp3Snyb9AAAAAAAAAAAAAwACAAAJIAAAAAAAAAAAAAAAAAAAAARwZGZzABAACAAAz9QqxgAAABEACAAA0p97XQAAAAEAEAAv7e4ALcxpAB09YAAdPRIAAgA8TWFjaW50b3NoIEhEOlVzZXJzOgBndWlsbGU6AGRvY3M6AHBkZnM6ADEuMjA2OTcwNyBjb3B5IDIucGRmAA4AKgAUADEALgAyADAANgA5ADcAMAA3ACAAYwBvAHAAeQAgADIALgBwAGQAZgAPABoADABNAGEAYwBpAG4AdABvAHMAaAAgAEgARAASACtVc2Vycy9ndWlsbGUvZG9jcy9wZGZzLzEuMjA2OTcwNyBjb3B5IDIucGRmAAATAAEvAAAVAAIADf//AACABtIbHB0eWiRjbGFzc25hbWVYJGNsYXNzZXNdTlNNdXRhYmxlRGF0YaMdHyBWTlNEYXRhWE5TT2JqZWN00hscIiNcTlNEaWN0aW9uYXJ5oiIgXxAPTlNLZXllZEFyY2hpdmVy0SYnVHJvb3SAAQAIABEAGgAjAC0AMgA3AEAARgBNAFUAYABnAGoAbABuAHEAcwB1AHcAhACOALMAuADAAloCXAJhAmwCdQKDAocCjgKXApwCqQKsAr4CwQLGAAAAAAAAAgEAAAAAAAAAKAAAAAAAAAAAAAAAAAAAAsg=}}

@article{job:apcb:1994,
	Author = {Job, C and Pearson, R M and Brown, M F},
	Date-Added = {2015-12-23 03:04:14 +0000},
	Date-Modified = {2015-12-23 03:04:14 +0000},
	Journal = {Rev Sci Instrum},
	Pages = {3354},
	Title = {A personal computer-based nuclear magnetic resonance spectrometer},
	Volume = {65},
	Year = {1994}}

@article{liang:ahfm:2014,
	Author = {Liang, X and Tang, X and Tang, W and Gao, J--H},
	Date-Added = {2015-12-23 03:04:14 +0000},
	Date-Modified = {2015-12-23 03:04:14 +0000},
	Journal = {Rev Sci Instrum},
	Pages = {094705},
	Title = {A high-field magnetic resonance imaging spectrometer using an oven-controlled crystal oscillator as the local oscillator of its radio frequency transceiver},
	Year = {2014},
	Bdsk-File-1 = {YnBsaXN0MDDUAQIDBAUGJCVYJHZlcnNpb25YJG9iamVjdHNZJGFyY2hpdmVyVCR0b3ASAAGGoKgHCBMUFRYaIVUkbnVsbNMJCgsMDxJXTlMua2V5c1pOUy5vYmplY3RzViRjbGFzc6INDoACgAOiEBGABIAFgAdccmVsYXRpdmVQYXRoWWFsaWFzRGF0YV8QGy4uLy4uLy4uL3BkZnMvMS40ODk0NjU3LnBkZtIXCxgZV05TLmRhdGFPEQF6AAAAAAF6AAIAAAxNYWNpbnRvc2ggSEQAAAAAAAAAAAAAAAAAAADP0+R2SCsAAAAv7e4NMS40ODk0NjU3LnBkZgAAAAAAAAAAAAAAAAAAAAAAAAAAAAAAAAAAAAAAAAAAAAAAAAAAAAAAAAAAAAAAAAAAATA+3tKfLB8AAAAAAAAAAAADAAIAAAkgAAAAAAAAAAAAAAAAAAAABHBkZnMAEAAIAADP1CrGAAAAEQAIAADSn4B/AAAAAQAQAC/t7gAtzGkAHT1gAB09EgACADVNYWNpbnRvc2ggSEQ6VXNlcnM6AGd1aWxsZToAZG9jczoAcGRmczoAMS40ODk0NjU3LnBkZgAADgAcAA0AMQAuADQAOAA5ADQANgA1ADcALgBwAGQAZgAPABoADABNAGEAYwBpAG4AdABvAHMAaAAgAEgARAASACRVc2Vycy9ndWlsbGUvZG9jcy9wZGZzLzEuNDg5NDY1Ny5wZGYAEwABLwAAFQACAA3//wAAgAbSGxwdHlokY2xhc3NuYW1lWCRjbGFzc2VzXU5TTXV0YWJsZURhdGGjHR8gVk5TRGF0YVhOU09iamVjdNIbHCIjXE5TRGljdGlvbmFyeaIiIF8QD05TS2V5ZWRBcmNoaXZlctEmJ1Ryb290gAEACAARABoAIwAtADIANwBAAEYATQBVAGAAZwBqAGwAbgBxAHMAdQB3AIQAjgCsALEAuQI3AjkCPgJJAlICYAJkAmsCdAJ5AoYCiQKbAp4CowAAAAAAAAIBAAAAAAAAACgAAAAAAAAAAAAAAAAAAAKl}}

@article{liang:admr:2013,
	Author = {Liang, X and Binghe, S and Yueping, M and Ruyan, Z},
	Date-Added = {2015-12-23 03:04:14 +0000},
	Date-Modified = {2015-12-23 03:04:14 +0000},
	Journal = {Rev Sci Instrum},
	Pages = {054702},
	Title = {A digital magnetic resonance imaging spectrometer using digital signal processor and field programmable gate array},
	Volume = {84},
	Year = {2013},
	Bdsk-File-1 = {YnBsaXN0MDDUAQIDBAUGJCVYJHZlcnNpb25YJG9iamVjdHNZJGFyY2hpdmVyVCR0b3ASAAGGoKgHCBMUFRYaIVUkbnVsbNMJCgsMDxJXTlMua2V5c1pOUy5vYmplY3RzViRjbGFzc6INDoACgAOiEBGABIAFgAdccmVsYXRpdmVQYXRoWWFsaWFzRGF0YV8QGy4uLy4uLy4uL3BkZnMvMS40ODAzMDA3LnBkZtIXCxgZV05TLmRhdGFPEQF6AAAAAAF6AAIAAAxNYWNpbnRvc2ggSEQAAAAAAAAAAAAAAAAAAADP0+R2SCsAAAAv7e4NMS40ODAzMDA3LnBkZgAAAAAAAAAAAAAAAAAAAAAAAAAAAAAAAAAAAAAAAAAAAAAAAAAAAAAAAAAAAAAAAAAAATAvUtKfJUcAAAAAAAAAAAADAAIAAAkgAAAAAAAAAAAAAAAAAAAABHBkZnMAEAAIAADP1CrGAAAAEQAIAADSn3mnAAAAAQAQAC/t7gAtzGkAHT1gAB09EgACADVNYWNpbnRvc2ggSEQ6VXNlcnM6AGd1aWxsZToAZG9jczoAcGRmczoAMS40ODAzMDA3LnBkZgAADgAcAA0AMQAuADQAOAAwADMAMAAwADcALgBwAGQAZgAPABoADABNAGEAYwBpAG4AdABvAHMAaAAgAEgARAASACRVc2Vycy9ndWlsbGUvZG9jcy9wZGZzLzEuNDgwMzAwNy5wZGYAEwABLwAAFQACAA3//wAAgAbSGxwdHlokY2xhc3NuYW1lWCRjbGFzc2VzXU5TTXV0YWJsZURhdGGjHR8gVk5TRGF0YVhOU09iamVjdNIbHCIjXE5TRGljdGlvbmFyeaIiIF8QD05TS2V5ZWRBcmNoaXZlctEmJ1Ryb290gAEACAARABoAIwAtADIANwBAAEYATQBVAGAAZwBqAGwAbgBxAHMAdQB3AIQAjgCsALEAuQI3AjkCPgJJAlICYAJkAmsCdAJ5AoYCiQKbAp4CowAAAAAAAAIBAAAAAAAAACgAAAAAAAAAAAAAAAAAAAKl}}

@article{michal:ahpd:2002,
	Author = {Michal, C A and Broughton, K and Hansen, E},
	Date-Added = {2015-12-23 03:04:14 +0000},
	Date-Modified = {2015-12-23 03:04:14 +0000},
	Journal = {Rev Sci Instrum},
	Pages = {453},
	Title = {A high performance digital receiver for home-built nuclear magnetic resonance spectrometers},
	Volume = {73},
	Year = {2002},
	Bdsk-File-1 = {YnBsaXN0MDDUAQIDBAUGJCVYJHZlcnNpb25YJG9iamVjdHNZJGFyY2hpdmVyVCR0b3ASAAGGoKgHCBMUFRYaIVUkbnVsbNMJCgsMDxJXTlMua2V5c1pOUy5vYmplY3RzViRjbGFzc6INDoACgAOiEBGABIAFgAdccmVsYXRpdmVQYXRoWWFsaWFzRGF0YV8QGy4uLy4uLy4uL3BkZnMvMS4xNDMzOTUwLnBkZtIXCxgZV05TLmRhdGFPEQF6AAAAAAF6AAIAAAxNYWNpbnRvc2ggSEQAAAAAAAAAAAAAAAAAAADP0+R2SCsAAAAv7e4NMS4xNDMzOTUwLnBkZgAAAAAAAAAAAAAAAAAAAAAAAAAAAAAAAAAAAAAAAAAAAAAAAAAAAAAAAAAAAAAAAAAAATAs/dKfJKoAAAAAAAAAAAADAAIAAAkgAAAAAAAAAAAAAAAAAAAABHBkZnMAEAAIAADP1CrGAAAAEQAIAADSn3kKAAAAAQAQAC/t7gAtzGkAHT1gAB09EgACADVNYWNpbnRvc2ggSEQ6VXNlcnM6AGd1aWxsZToAZG9jczoAcGRmczoAMS4xNDMzOTUwLnBkZgAADgAcAA0AMQAuADEANAAzADMAOQA1ADAALgBwAGQAZgAPABoADABNAGEAYwBpAG4AdABvAHMAaAAgAEgARAASACRVc2Vycy9ndWlsbGUvZG9jcy9wZGZzLzEuMTQzMzk1MC5wZGYAEwABLwAAFQACAA3//wAAgAbSGxwdHlokY2xhc3NuYW1lWCRjbGFzc2VzXU5TTXV0YWJsZURhdGGjHR8gVk5TRGF0YVhOU09iamVjdNIbHCIjXE5TRGljdGlvbmFyeaIiIF8QD05TS2V5ZWRBcmNoaXZlctEmJ1Ryb290gAEACAARABoAIwAtADIANwBAAEYATQBVAGAAZwBqAGwAbgBxAHMAdQB3AIQAjgCsALEAuQI3AjkCPgJJAlICYAJkAmsCdAJ5AoYCiQKbAp4CowAAAAAAAAIBAAAAAAAAACgAAAAAAAAAAAAAAAAAAAKl}}

@article{ning:avpp:2011,
	Author = {Ning, R and Yang, G and Li, G},
	Date-Added = {2015-12-23 03:04:14 +0000},
	Date-Modified = {2015-12-23 03:04:14 +0000},
	Journal = {Rev Sci Instrum},
	Pages = {054301},
	Title = {A versatile pulse programmer for magnetic resonance imaging},
	Year = {2011},
	Bdsk-File-1 = {YnBsaXN0MDDUAQIDBAUGJCVYJHZlcnNpb25YJG9iamVjdHNZJGFyY2hpdmVyVCR0b3ASAAGGoKgHCBMUFRYaIVUkbnVsbNMJCgsMDxJXTlMua2V5c1pOUy5vYmplY3RzViRjbGFzc6INDoACgAOiEBGABIAFgAdccmVsYXRpdmVQYXRoWWFsaWFzRGF0YV8QGy4uLy4uLy4uL3BkZnMvMS4zNTg3MDY4LnBkZtIXCxgZV05TLmRhdGFPEQF6AAAAAAF6AAIAAAxNYWNpbnRvc2ggSEQAAAAAAAAAAAAAAAAAAADP0+R2SCsAAAAv7e4NMS4zNTg3MDY4LnBkZgAAAAAAAAAAAAAAAAAAAAAAAAAAAAAAAAAAAAAAAAAAAAAAAAAAAAAAAAAAAAAAAAAAATBIwdKfLIBQREYgAAAAAAADAAIAAAkgAAAAAAAAAAAAAAAAAAAABHBkZnMAEAAIAADP1CrGAAAAEQAIAADSn4DgAAAAAQAQAC/t7gAtzGkAHT1gAB09EgACADVNYWNpbnRvc2ggSEQ6VXNlcnM6AGd1aWxsZToAZG9jczoAcGRmczoAMS4zNTg3MDY4LnBkZgAADgAcAA0AMQAuADMANQA4ADcAMAA2ADgALgBwAGQAZgAPABoADABNAGEAYwBpAG4AdABvAHMAaAAgAEgARAASACRVc2Vycy9ndWlsbGUvZG9jcy9wZGZzLzEuMzU4NzA2OC5wZGYAEwABLwAAFQACAA3//wAAgAbSGxwdHlokY2xhc3NuYW1lWCRjbGFzc2VzXU5TTXV0YWJsZURhdGGjHR8gVk5TRGF0YVhOU09iamVjdNIbHCIjXE5TRGljdGlvbmFyeaIiIF8QD05TS2V5ZWRBcmNoaXZlctEmJ1Ryb290gAEACAARABoAIwAtADIANwBAAEYATQBVAGAAZwBqAGwAbgBxAHMAdQB3AIQAjgCsALEAuQI3AjkCPgJJAlICYAJkAmsCdAJ5AoYCiQKbAp4CowAAAAAAAAIBAAAAAAAAACgAAAAAAAAAAAAAAAAAAAKl}}

@article{sipila:2HTR:2011,
	Author = {Sipil{\"a}, P T and Greding, S and Wachutka, G and Wiesinger, F},
	Date-Added = {2015-12-23 03:04:14 +0000},
	Date-Modified = {2015-12-23 03:21:13 +0000},
	Journal = {Magn Reson Med},
	Pages = {1498--1506},
	Title = {{$^2$H} {Transmit}--Receive {NMR} probes for magnetic field monitoring in {MRI}},
	Volume = {65},
	Year = {2011},
	Bdsk-File-1 = {YnBsaXN0MDDUAQIDBAUGJCVYJHZlcnNpb25YJG9iamVjdHNZJGFyY2hpdmVyVCR0b3ASAAGGoKgHCBMUFRYaIVUkbnVsbNMJCgsMDxJXTlMua2V5c1pOUy5vYmplY3RzViRjbGFzc6INDoACgAOiEBGABIAFgAdccmVsYXRpdmVQYXRoWWFsaWFzRGF0YV8QQi4uLy4uLy4uL3BkZnMvU2lwaWwtX2V0X2FsLTIwMTEtTWFnbmV0aWNfUmVzb25hbmNlX2luX01lZGljaW5lLnBkZtIXCxgZV05TLmRhdGFPEQICAAAAAAICAAIAAAxNYWNpbnRvc2ggSEQAAAAAAAAAAAAAAAAAAADP0+R2SCsAAAAv7e4fU2lwaWwtX2V0X2FsLTIwMTEtTSMxMzA0NjhBLnBkZgAAAAAAAAAAAAAAAAAAAAAAAAAAAAAAAAAAAAAAAAAAATBGitHSA68AAAAAAAAAAAADAAIAAAkgAAAAAAAAAAAAAAAAAAAABHBkZnMAEAAIAADP1CrGAAAAEQAIAADR0kn/AAAAAQAQAC/t7gAtzGkAHT1gAB09EgACAEdNYWNpbnRvc2ggSEQ6VXNlcnM6AGd1aWxsZToAZG9jczoAcGRmczoAU2lwaWwtX2V0X2FsLTIwMTEtTSMxMzA0NjhBLnBkZgAADgBqADQAUwBpAHAAaQBsAC0AXwBlAHQAXwBhAGwALQAyADAAMQAxAC0ATQBhAGcAbgBlAHQAaQBjAF8AUgBlAHMAbwBuAGEAbgBjAGUAXwBpAG4AXwBNAGUAZABpAGMAaQBuAGUALgBwAGQAZgAPABoADABNAGEAYwBpAG4AdABvAHMAaAAgAEgARAASAEtVc2Vycy9ndWlsbGUvZG9jcy9wZGZzL1NpcGlsLV9ldF9hbC0yMDExLU1hZ25ldGljX1Jlc29uYW5jZV9pbl9NZWRpY2luZS5wZGYAABMAAS8AABUAAgAN//8AAIAG0hscHR5aJGNsYXNzbmFtZVgkY2xhc3Nlc11OU011dGFibGVEYXRhox0fIFZOU0RhdGFYTlNPYmplY3TSGxwiI1xOU0RpY3Rpb25hcnmiIiBfEA9OU0tleWVkQXJjaGl2ZXLRJidUcm9vdIABAAgAEQAaACMALQAyADcAQABGAE0AVQBgAGcAagBsAG4AcQBzAHUAdwCEAI4A0wDYAOAC5gLoAu0C+AMBAw8DEwMaAyMDKAM1AzgDSgNNA1IAAAAAAAACAQAAAAAAAAAoAAAAAAAAAAAAAAAAAAADVA==}}

@article{sipila:dmrf:2009,
	Author = {Sipil{\"a}, P T and Schulte, R F and Wachutka, G and Wiesinger, F},
	Date-Added = {2015-12-23 03:04:14 +0000},
	Date-Modified = {2015-12-23 03:21:19 +0000},
	Journal = {Conc Magn Reson B: Magn Reson Engin},
	Pages = {210--220},
	Title = {Digital multiband receiver for magnetic resonance},
	Volume = {35B(4)},
	Year = {2009},
	Bdsk-File-1 = {YnBsaXN0MDDUAQIDBAUGJCVYJHZlcnNpb25YJG9iamVjdHNZJGFyY2hpdmVyVCR0b3ASAAGGoKgHCBMUFRYaIVUkbnVsbNMJCgsMDxJXTlMua2V5c1pOUy5vYmplY3RzViRjbGFzc6INDoACgAOiEBGABIAFgAdccmVsYXRpdmVQYXRoWWFsaWFzRGF0YV8QaS4uLy4uLy4uL3BkZnMvU2lwaWwtX2V0X2FsLTIwMDktQ29uY2VwdHNfaW5fTWFnbmV0aWNfUmVzb25hbmNlX1BhcnRfQl9fTWFnbmV0aWNfUmVzb25hbmNlX0VuZ2luZWVyaW5nLnBkZtIXCxgZV05TLmRhdGFPEQJ2AAAAAAJ2AAIAAAxNYWNpbnRvc2ggSEQAAAAAAAAAAAAAAAAAAADP0+R2SCsAAAAv7e4fU2lwaWwtX2V0X2FsLTIwMDktQyMxMzA0N0NELnBkZgAAAAAAAAAAAAAAAAAAAAAAAAAAAAAAAAAAAAAAAAAAATBHzdEcf9oAAAAAAAAAAAADAAIAAAkgAAAAAAAAAAAAAAAAAAAABHBkZnMAEAAIAADP1CrGAAAAEQAIAADRHNQ6AAAAAQAQAC/t7gAtzGkAHT1gAB09EgACAEdNYWNpbnRvc2ggSEQ6VXNlcnM6AGd1aWxsZToAZG9jczoAcGRmczoAU2lwaWwtX2V0X2FsLTIwMDktQyMxMzA0N0NELnBkZgAADgC4AFsAUwBpAHAAaQBsAC0AXwBlAHQAXwBhAGwALQAyADAAMAA5AC0AQwBvAG4AYwBlAHAAdABzAF8AaQBuAF8ATQBhAGcAbgBlAHQAaQBjAF8AUgBlAHMAbwBuAGEAbgBjAGUAXwBQAGEAcgB0AF8AQgBfAF8ATQBhAGcAbgBlAHQAaQBjAF8AUgBlAHMAbwBuAGEAbgBjAGUAXwBFAG4AZwBpAG4AZQBlAHIAaQBuAGcALgBwAGQAZgAPABoADABNAGEAYwBpAG4AdABvAHMAaAAgAEgARAASAHJVc2Vycy9ndWlsbGUvZG9jcy9wZGZzL1NpcGlsLV9ldF9hbC0yMDA5LUNvbmNlcHRzX2luX01hZ25ldGljX1Jlc29uYW5jZV9QYXJ0X0JfX01hZ25ldGljX1Jlc29uYW5jZV9FbmdpbmVlcmluZy5wZGYAEwABLwAAFQACAA3//wAAgAbSGxwdHlokY2xhc3NuYW1lWCRjbGFzc2VzXU5TTXV0YWJsZURhdGGjHR8gVk5TRGF0YVhOU09iamVjdNIbHCIjXE5TRGljdGlvbmFyeaIiIF8QD05TS2V5ZWRBcmNoaXZlctEmJ1Ryb290gAEACAARABoAIwAtADIANwBAAEYATQBVAGAAZwBqAGwAbgBxAHMAdQB3AIQAjgD6AP8BBwOBA4MDiAOTA5wDqgOuA7UDvgPDA9AD0wPlA+gD7QAAAAAAAAIBAAAAAAAAACgAAAAAAAAAAAAAAAAAAAPv}}

@article{stang:medusa:2012,
	Author = {Stang, P P and Conolly, S M and Santos, J M and Pauly, J M and Scott, G C},
	Date-Added = {2015-12-23 03:04:14 +0000},
	Date-Modified = {2015-12-23 03:04:14 +0000},
	Journal = {IEEE Trans Med Imag},
	Number = {2},
	Pages = {370--379},
	Title = {Medusa: {A} scalable {MR} console using {USB}},
	Volume = {31},
	Year = {2012},
	Bdsk-File-1 = {YnBsaXN0MDDUAQIDBAUGJCVYJHZlcnNpb25YJG9iamVjdHNZJGFyY2hpdmVyVCR0b3ASAAGGoKgHCBMUFRYaIVUkbnVsbNMJCgsMDxJXTlMua2V5c1pOUy5vYmplY3RzViRjbGFzc6INDoACgAOiEBGABIAFgAdccmVsYXRpdmVQYXRoWWFsaWFzRGF0YV8QHy4uLy4uLy4uL3BkZnMvMDYwMjk0NTUgY29weS5wZGbSFwsYGVdOUy5kYXRhTxEBigAAAAABigACAAAMTWFjaW50b3NoIEhEAAAAAAAAAAAAAAAAAAAAz9PkdkgrAAAAL+3uETA2MDI5NDU1IGNvcHkucGRmAAAAAAAAAAAAAAAAAAAAAAAAAAAAAAAAAAAAAAAAAAAAAAAAAAAAAAAAAAAAAAAv7obQh4tTAAAAAAAAAAAAAwACAAAJIAAAAAAAAAAAAAAAAAAAAARwZGZzABAACAAAz9QqxgAAABEACAAA0IffswAAAAEAEAAv7e4ALcxpAB09YAAdPRIAAgA5TWFjaW50b3NoIEhEOlVzZXJzOgBndWlsbGU6AGRvY3M6AHBkZnM6ADA2MDI5NDU1IGNvcHkucGRmAAAOACQAEQAwADYAMAAyADkANAA1ADUAIABjAG8AcAB5AC4AcABkAGYADwAaAAwATQBhAGMAaQBuAHQAbwBzAGgAIABIAEQAEgAoVXNlcnMvZ3VpbGxlL2RvY3MvcGRmcy8wNjAyOTQ1NSBjb3B5LnBkZgATAAEvAAAVAAIADf//AACABtIbHB0eWiRjbGFzc25hbWVYJGNsYXNzZXNdTlNNdXRhYmxlRGF0YaMdHyBWTlNEYXRhWE5TT2JqZWN00hscIiNcTlNEaWN0aW9uYXJ5oiIgXxAPTlNLZXllZEFyY2hpdmVy0SYnVHJvb3SAAQAIABEAGgAjAC0AMgA3AEAARgBNAFUAYABnAGoAbABuAHEAcwB1AHcAhACOALAAtQC9AksCTQJSAl0CZgJ0AngCfwKIAo0CmgKdAq8CsgK3AAAAAAAAAgEAAAAAAAAAKAAAAAAAAAAAAAAAAAAAArk=}}

@article{opencorenmr,
	Author = {Takeda, K},
	Date-Added = {2015-12-23 03:04:14 +0000},
	Date-Modified = {2015-12-23 03:04:14 +0000},
	Journal = {J Magn Reson},
	Pages = {218--229},
	Title = {{OPENCORE NMR:} {Open-source} core modules for implementing an integrated {FPGA}-based {NMR} spectrometer},
	Volume = {192},
	Year = {2008},
	Bdsk-File-1 = {YnBsaXN0MDDUAQIDBAUGJCVYJHZlcnNpb25YJG9iamVjdHNZJGFyY2hpdmVyVCR0b3ASAAGGoKgHCBMUFRYaIVUkbnVsbNMJCgsMDxJXTlMua2V5c1pOUy5vYmplY3RzViRjbGFzc6INDoACgAOiEBGABIAFgAdccmVsYXRpdmVQYXRoWWFsaWFzRGF0YV8QLy4uLy4uLy4uL3BkZnMvMS1zMi4wLVMxMDkwNzgwNzA4MDAwNjcwLW1haW4ucGRm0hcLGBlXTlMuZGF0YU8RAcgAAAAAAcgAAgAADE1hY2ludG9zaCBIRAAAAAAAAAAAAAAAAAAAAM/T5HZIKwAAAC/t7h8xLXMyLjAtUzEwOTA3ODA3MDgwMCNCNjU2RTMucGRmAAAAAAAAAAAAAAAAAAAAAAAAAAAAAAAAAAAAAAAAAAAAtlbj0iRylQAAAAAAAAAAAAMAAgAACSAAAAAAAAAAAAAAAAAAAAAEcGRmcwAQAAgAAM/UKsYAAAARAAgAANIkuOUAAAABABAAL+3uAC3MaQAdPWAAHT0SAAIAR01hY2ludG9zaCBIRDpVc2VyczoAZ3VpbGxlOgBkb2NzOgBwZGZzOgAxLXMyLjAtUzEwOTA3ODA3MDgwMCNCNjU2RTMucGRmAAAOAEQAIQAxAC0AcwAyAC4AMAAtAFMAMQAwADkAMAA3ADgAMAA3ADAAOAAwADAAMAA2ADcAMAAtAG0AYQBpAG4ALgBwAGQAZgAPABoADABNAGEAYwBpAG4AdABvAHMAaAAgAEgARAASADhVc2Vycy9ndWlsbGUvZG9jcy9wZGZzLzEtczIuMC1TMTA5MDc4MDcwODAwMDY3MC1tYWluLnBkZgATAAEvAAAVAAIADf//AACABtIbHB0eWiRjbGFzc25hbWVYJGNsYXNzZXNdTlNNdXRhYmxlRGF0YaMdHyBWTlNEYXRhWE5TT2JqZWN00hscIiNcTlNEaWN0aW9uYXJ5oiIgXxAPTlNLZXllZEFyY2hpdmVy0SYnVHJvb3SAAQAIABEAGgAjAC0AMgA3AEAARgBNAFUAYABnAGoAbABuAHEAcwB1AHcAhACOAMAAxQDNApkCmwKgAqsCtALCAsYCzQLWAtsC6ALrAv0DAAMFAAAAAAAAAgEAAAAAAAAAKAAAAAAAAAAAAAAAAAAAAwc=}}

@article{takeda:ahif:2007,
	Author = {Takeda, K},
	Date-Added = {2015-12-23 03:04:14 +0000},
	Date-Modified = {2015-12-23 03:04:14 +0000},
	Journal = {Rev Sci Instrum},
	Pages = {033103},
	Title = {A highly integrated {FPGA}-based nuclear magnetic resonance spectrometer},
	Volume = {78},
	Year = {2007},
	Bdsk-File-1 = {YnBsaXN0MDDUAQIDBAUGJCVYJHZlcnNpb25YJG9iamVjdHNZJGFyY2hpdmVyVCR0b3ASAAGGoKgHCBMUFRYaIVUkbnVsbNMJCgsMDxJXTlMua2V5c1pOUy5vYmplY3RzViRjbGFzc6INDoACgAOiEBGABIAFgAdccmVsYXRpdmVQYXRoWWFsaWFzRGF0YV8QGy4uLy4uLy4uL3BkZnMvMS4yNzEyOTQwLnBkZtIXCxgZV05TLmRhdGFPEQF6AAAAAAF6AAIAAAxNYWNpbnRvc2ggSEQAAAAAAAAAAAAAAAAAAADP0+R2SCsAAAAv7e4NMS4yNzEyOTQwLnBkZgAAAAAAAAAAAAAAAAAAAAAAAAAAAAAAAAAAAAAAAAAAAAAAAAAAAAAAAAAAAAAAAAAAATA/zdKfLTwAAAAAAAAAAAADAAIAAAkgAAAAAAAAAAAAAAAAAAAABHBkZnMAEAAIAADP1CrGAAAAEQAIAADSn4GcAAAAAQAQAC/t7gAtzGkAHT1gAB09EgACADVNYWNpbnRvc2ggSEQ6VXNlcnM6AGd1aWxsZToAZG9jczoAcGRmczoAMS4yNzEyOTQwLnBkZgAADgAcAA0AMQAuADIANwAxADIAOQA0ADAALgBwAGQAZgAPABoADABNAGEAYwBpAG4AdABvAHMAaAAgAEgARAASACRVc2Vycy9ndWlsbGUvZG9jcy9wZGZzLzEuMjcxMjk0MC5wZGYAEwABLwAAFQACAA3//wAAgAbSGxwdHlokY2xhc3NuYW1lWCRjbGFzc2VzXU5TTXV0YWJsZURhdGGjHR8gVk5TRGF0YVhOU09iamVjdNIbHCIjXE5TRGljdGlvbmFyeaIiIF8QD05TS2V5ZWRBcmNoaXZlctEmJ1Ryb290gAEACAARABoAIwAtADIANwBAAEYATQBVAGAAZwBqAGwAbgBxAHMAdQB3AIQAjgCsALEAuQI3AjkCPgJJAlICYAJkAmsCdAJ5AoYCiQKbAp4CowAAAAAAAAIBAAAAAAAAACgAAAAAAAAAAAAAAAAAAAKl}}

@article{tang:ahbg:2014,
	Author = {Tang, W and Wang, W and Liu, W and Ma, Y and Tang, X and Xiao, L and Gao, J--H},
	Date-Added = {2015-12-23 03:04:14 +0000},
	Date-Modified = {2015-12-23 03:04:14 +0000},
	Journal = {Magn Reson Med},
	Number = {2},
	Pages = {578--588},
	Title = {A home-built digital optical {MRI} console using high-speed serial links},
	Volume = {74},
	Year = {2014},
	Bdsk-File-1 = {YnBsaXN0MDDUAQIDBAUGJCVYJHZlcnNpb25YJG9iamVjdHNZJGFyY2hpdmVyVCR0b3ASAAGGoKgHCBMUFRYaIVUkbnVsbNMJCgsMDxJXTlMua2V5c1pOUy5vYmplY3RzViRjbGFzc6INDoACgAOiEBGABIAFgAdccmVsYXRpdmVQYXRoWWFsaWFzRGF0YV8QUS4uLy4uLy4uL3BkZnMvbXJtMjU0MDMucGRmO2pzZXNzaW9uaWQ9RjAzRDc5NzZDOTBDQ0VGQTA0MDFFNTU3MERDMUVDQUQuZjAzdDAxLnBkZtIXCxgZV05TLmRhdGFPEQIuAAAAAAIuAAIAAAxNYWNpbnRvc2ggSEQAAAAAAAAAAAAAAAAAAADP0+R2SCsAAAAv7e4fbXJtMjU0MDMucGRmO2pzZXNzaSMxMzA0MDBBLnBkZgAAAAAAAAAAAAAAAAAAAAAAAAAAAAAAAAAAAAAAAAAAATBACtKfLWMAAAAAAAAAAAADAAIAAAkgAAAAAAAAAAAAAAAAAAAABHBkZnMAEAAIAADP1CrGAAAAEQAIAADSn4HDAAAAAQAQAC/t7gAtzGkAHT1gAB09EgACAEdNYWNpbnRvc2ggSEQ6VXNlcnM6AGd1aWxsZToAZG9jczoAcGRmczoAbXJtMjU0MDMucGRmO2pzZXNzaSMxMzA0MDBBLnBkZgAADgCIAEMAbQByAG0AMgA1ADQAMAAzAC4AcABkAGYAOwBqAHMAZQBzAHMAaQBvAG4AaQBkAD0ARgAwADMARAA3ADkANwA2AEMAOQAwAEMAQwBFAEYAQQAwADQAMAAxAEUANQA1ADcAMABEAEMAMQBFAEMAQQBEAC4AZgAwADMAdAAwADEALgBwAGQAZgAPABoADABNAGEAYwBpAG4AdABvAHMAaAAgAEgARAASAFpVc2Vycy9ndWlsbGUvZG9jcy9wZGZzL21ybTI1NDAzLnBkZjtqc2Vzc2lvbmlkPUYwM0Q3OTc2QzkwQ0NFRkEwNDAxRTU1NzBEQzFFQ0FELmYwM3QwMS5wZGYAEwABLwAAFQACAA3//wAAgAbSGxwdHlokY2xhc3NuYW1lWCRjbGFzc2VzXU5TTXV0YWJsZURhdGGjHR8gVk5TRGF0YVhOU09iamVjdNIbHCIjXE5TRGljdGlvbmFyeaIiIF8QD05TS2V5ZWRBcmNoaXZlctEmJ1Ryb290gAEACAARABoAIwAtADIANwBAAEYATQBVAGAAZwBqAGwAbgBxAHMAdQB3AIQAjgDiAOcA7wMhAyMDKAMzAzwDSgNOA1UDXgNjA3ADcwOFA4gDjQAAAAAAAAIBAAAAAAAAACgAAAAAAAAAAAAAAAAAAAOP}}

@article{tang:adrm:2012,
	Author = {Tang, W and Sun, H and Wang, W},
	Date-Added = {2015-12-23 03:04:14 +0000},
	Date-Modified = {2015-12-23 03:04:14 +0000},
	Journal = {Rev Sci Instrum},
	Pages = {104701},
	Title = {A digital receiver module with direct data acquisition for magnetic resonance imaigng systems},
	Year = {2012},
	Bdsk-File-1 = {YnBsaXN0MDDUAQIDBAUGJCVYJHZlcnNpb25YJG9iamVjdHNZJGFyY2hpdmVyVCR0b3ASAAGGoKgHCBMUFRYaIVUkbnVsbNMJCgsMDxJXTlMua2V5c1pOUy5vYmplY3RzViRjbGFzc6INDoACgAOiEBGABIAFgAdccmVsYXRpdmVQYXRoWWFsaWFzRGF0YV8QdC4uLy4uLy4uL3BkZnMvQSBkaWdpdGFsIHJlY2VpdmVyIG1vZHVsZSB3aXRoIGRpcmVjdCBkYXRhIGFjcXVpc2l0aW9uIGZvciBtYWduZXRpYyByZXNvbmFuY2UgaW1hZ2luZyBzeXN0ZW1zIGNvcHkucGRm0hcLGBlXTlMuZGF0YU8RApgAAAAAApgAAgAADE1hY2ludG9zaCBIRAAAAAAAAAAAAAAAAAAAAM/T5HZIKwAAAC/t7h9BIGRpZ2l0YWwgcmVjZWl2ZXIgIzEyQzJCNzUucGRmAAAAAAAAAAAAAAAAAAAAAAAAAAAAAAAAAAAAAAAAAAABLCt10ph5RAAAAAAAAAAAAAMAAgAACSAAAAAAAAAAAAAAAAAAAAAEcGRmcwAQAAgAAM/UKsYAAAARAAgAANKYzaQAAAABABAAL+3uAC3MaQAdPWAAHT0SAAIAR01hY2ludG9zaCBIRDpVc2VyczoAZ3VpbGxlOgBkb2NzOgBwZGZzOgBBIGRpZ2l0YWwgcmVjZWl2ZXIgIzEyQzJCNzUucGRmAAAOAM4AZgBBACAAZABpAGcAaQB0AGEAbAAgAHIAZQBjAGUAaQB2AGUAcgAgAG0AbwBkAHUAbABlACAAdwBpAHQAaAAgAGQAaQByAGUAYwB0ACAAZABhAHQAYQAgAGEAYwBxAHUAaQBzAGkAdABpAG8AbgAgAGYAbwByACAAbQBhAGcAbgBlAHQAaQBjACAAcgBlAHMAbwBuAGEAbgBjAGUAIABpAG0AYQBnAGkAbgBnACAAcwB5AHMAdABlAG0AcwAgAGMAbwBwAHkALgBwAGQAZgAPABoADABNAGEAYwBpAG4AdABvAHMAaAAgAEgARAASAH1Vc2Vycy9ndWlsbGUvZG9jcy9wZGZzL0EgZGlnaXRhbCByZWNlaXZlciBtb2R1bGUgd2l0aCBkaXJlY3QgZGF0YSBhY3F1aXNpdGlvbiBmb3IgbWFnbmV0aWMgcmVzb25hbmNlIGltYWdpbmcgc3lzdGVtcyBjb3B5LnBkZgAAEwABLwAAFQACAA3//wAAgAbSGxwdHlokY2xhc3NuYW1lWCRjbGFzc2VzXU5TTXV0YWJsZURhdGGjHR8gVk5TRGF0YVhOU09iamVjdNIbHCIjXE5TRGljdGlvbmFyeaIiIF8QD05TS2V5ZWRBcmNoaXZlctEmJ1Ryb290gAEACAARABoAIwAtADIANwBAAEYATQBVAGAAZwBqAGwAbgBxAHMAdQB3AIQAjgEFAQoBEgOuA7ADtQPAA8kD1wPbA+ID6wPwA/0EAAQSBBUEGgAAAAAAAAIBAAAAAAAAACgAAAAAAAAAAAAAAAAAAAQc}}

@article{tang:2011,
	Author = {Tang, W and Wang, W},
	Date-Added = {2015-12-23 03:04:14 +0000},
	Date-Modified = {2015-12-23 03:04:14 +0000},
	Journal = {Meas Sci Technol},
	Pages = {015902},
	Title = {A single-board {NMR} spectrometer based on a software defined radio architecture},
	Volume = {22},
	Year = {2011},
	Bdsk-File-1 = {YnBsaXN0MDDUAQIDBAUGJCVYJHZlcnNpb25YJG9iamVjdHNZJGFyY2hpdmVyVCR0b3ASAAGGoKgHCBMUFRYaIVUkbnVsbNMJCgsMDxJXTlMua2V5c1pOUy5vYmplY3RzViRjbGFzc6INDoACgAOiEBGABIAFgAdccmVsYXRpdmVQYXRoWWFsaWFzRGF0YV8QJy4uLy4uLy4uL3BkZnMvMDk1Ny0wMjMzXzIyXzFfMDE1OTAyLnBkZtIXCxgZV05TLmRhdGFPEQGqAAAAAAGqAAIAAAxNYWNpbnRvc2ggSEQAAAAAAAAAAAAAAAAAAADP0+R2SCsAAAAv7e4ZMDk1Ny0wMjMzXzIyXzFfMDE1OTAyLnBkZgAAAAAAAAAAAAAAAAAAAAAAAAAAAAAAAAAAAAAAAAAAAAAAAAAAAC/ultB/+OZQREYgAAAAAAADAAIAAAkgAAAAAAAAAAAAAAAAAAAABHBkZnMAEAAIAADP1CrGAAAAEQAIAADQgE1GAAAAAQAQAC/t7gAtzGkAHT1gAB09EgACAEFNYWNpbnRvc2ggSEQ6VXNlcnM6AGd1aWxsZToAZG9jczoAcGRmczoAMDk1Ny0wMjMzXzIyXzFfMDE1OTAyLnBkZgAADgA0ABkAMAA5ADUANwAtADAAMgAzADMAXwAyADIAXwAxAF8AMAAxADUAOQAwADIALgBwAGQAZgAPABoADABNAGEAYwBpAG4AdABvAHMAaAAgAEgARAASADBVc2Vycy9ndWlsbGUvZG9jcy9wZGZzLzA5NTctMDIzM18yMl8xXzAxNTkwMi5wZGYAEwABLwAAFQACAA3//wAAgAbSGxwdHlokY2xhc3NuYW1lWCRjbGFzc2VzXU5TTXV0YWJsZURhdGGjHR8gVk5TRGF0YVhOU09iamVjdNIbHCIjXE5TRGljdGlvbmFyeaIiIF8QD05TS2V5ZWRBcmNoaXZlctEmJ1Ryb290gAEACAARABoAIwAtADIANwBAAEYATQBVAGAAZwBqAGwAbgBxAHMAdQB3AIQAjgC4AL0AxQJzAnUCegKFAo4CnAKgAqcCsAK1AsICxQLXAtoC3wAAAAAAAAIBAAAAAAAAACgAAAAAAAAAAAAAAAAAAALh}}

@article{wright:2002,
	Author = {Wright, S M and Brown, D G and Porter, J R and Spence, D C and Esparza, E and Cole, D C and Russel Huson, F},
	Date-Added = {2015-12-23 03:04:14 +0000},
	Date-Modified = {2015-12-23 03:04:14 +0000},
	Journal = {MAGMA},
	Pages = {177--185},
	Title = {A desktop magnetic resonance imaging system},
	Volume = {13},
	Year = {2002},
	Bdsk-File-1 = {YnBsaXN0MDDUAQIDBAUGJCVYJHZlcnNpb25YJG9iamVjdHNZJGFyY2hpdmVyVCR0b3ASAAGGoKgHCBMUFRYaIVUkbnVsbNMJCgsMDxJXTlMua2V5c1pOUy5vYmplY3RzViRjbGFzc6INDoACgAOiEBGABIAFgAdccmVsYXRpdmVQYXRoWWFsaWFzRGF0YV8QLC4uLy4uLy4uL3BkZnMvYXJ0JTNBMTAuMTAwNyUyRkJGMDI2Nzg1OTQucGRm0hcLGBlXTlMuZGF0YU8RAb4AAAAAAb4AAgAADE1hY2ludG9zaCBIRAAAAAAAAAAAAAAAAAAAAM/T5HZIKwAAAC/t7h5hcnQlM0ExMC4xMDA3JTJGQkYwMjY3ODU5NC5wZGYAAAAAAAAAAAAAAAAAAAAAAAAAAAAAAAAAAAAAAAAAAAAAL/BRzxAP9gAAAAAAAAAAAAMAAgAACSAAAAAAAAAAAAAAAAAAAAAEcGRmcwAQAAgAAM/UKsYAAAARAAgAAM8QZFYAAAABABAAL+3uAC3MaQAdPWAAHT0SAAIARk1hY2ludG9zaCBIRDpVc2VyczoAZ3VpbGxlOgBkb2NzOgBwZGZzOgBhcnQlM0ExMC4xMDA3JTJGQkYwMjY3ODU5NC5wZGYADgA+AB4AYQByAHQAJQAzAEEAMQAwAC4AMQAwADAANwAlADIARgBCAEYAMAAyADYANwA4ADUAOQA0AC4AcABkAGYADwAaAAwATQBhAGMAaQBuAHQAbwBzAGgAIABIAEQAEgA1VXNlcnMvZ3VpbGxlL2RvY3MvcGRmcy9hcnQlM0ExMC4xMDA3JTJGQkYwMjY3ODU5NC5wZGYAABMAAS8AABUAAgAN//8AAIAG0hscHR5aJGNsYXNzbmFtZVgkY2xhc3Nlc11OU011dGFibGVEYXRhox0fIFZOU0RhdGFYTlNPYmplY3TSGxwiI1xOU0RpY3Rpb25hcnmiIiBfEA9OU0tleWVkQXJjaGl2ZXLRJidUcm9vdIABAAgAEQAaACMALQAyADcAQABGAE0AVQBgAGcAagBsAG4AcQBzAHUAdwCEAI4AvQDCAMoCjAKOApMCngKnArUCuQLAAskCzgLbAt4C8ALzAvgAAAAAAAACAQAAAAAAAAAoAAAAAAAAAAAAAAAAAAAC+g==}}

@article{wu:abnm:1993,
	Author = {Wu, X and Patterson, D A and Butler, L G and Miller, J B},
	Date-Added = {2015-12-23 03:04:14 +0000},
	Date-Modified = {2015-12-23 03:04:14 +0000},
	Journal = {Rev Sci Instrum},
	Pages = {1235},
	Title = {A broadband nuclear magnetic resonance spectrometer: {Digital} phase shifting and flexible pulse programmer},
	Volume = {64},
	Year = {1993}}

@article{xiao:adsp:2015,
	Author = {Xiao, L and Li, L and Nie, W and Xie, X and Wan, H},
	Date-Added = {2015-12-23 03:04:14 +0000},
	Date-Modified = {2015-12-23 03:04:14 +0000},
	Journal = {Meas Sci Technol},
	Number = {6},
	Pages = {065402},
	Title = {A digital signal processor-based pulse programmer with performance of run-time information handling for magnetic resonance imaging},
	Volume = {26},
	Year = {2015},
	Bdsk-File-1 = {YnBsaXN0MDDUAQIDBAUGJCVYJHZlcnNpb25YJG9iamVjdHNZJGFyY2hpdmVyVCR0b3ASAAGGoKgHCBMUFRYaIVUkbnVsbNMJCgsMDxJXTlMua2V5c1pOUy5vYmplY3RzViRjbGFzc6INDoACgAOiEBGABIAFgAdccmVsYXRpdmVQYXRoWWFsaWFzRGF0YV8QFS4uLy4uLy4uL3BkZnMvcGRmLnBkZtIXCxgZV05TLmRhdGFPEQFiAAAAAAFiAAIAAAxNYWNpbnRvc2ggSEQAAAAAAAAAAAAAAAAAAADP0+R2SCsAAAAv7e4HcGRmLnBkZgAAAAAAAAAAAAAAAAAAAAAAAAAAAAAAAAAAAAAAAAAAAAAAAAAAAAAAAAAAAAAAAAAAAAAAAAAAATBAtNKfLecAAAAAAAAAAAADAAIAAAkgAAAAAAAAAAAAAAAAAAAABHBkZnMAEAAIAADP1CrGAAAAEQAIAADSn4JHAAAAAQAQAC/t7gAtzGkAHT1gAB09EgACAC9NYWNpbnRvc2ggSEQ6VXNlcnM6AGd1aWxsZToAZG9jczoAcGRmczoAcGRmLnBkZgAADgAQAAcAcABkAGYALgBwAGQAZgAPABoADABNAGEAYwBpAG4AdABvAHMAaAAgAEgARAASAB5Vc2Vycy9ndWlsbGUvZG9jcy9wZGZzL3BkZi5wZGYAEwABLwAAFQACAA3//wAAgAbSGxwdHlokY2xhc3NuYW1lWCRjbGFzc2VzXU5TTXV0YWJsZURhdGGjHR8gVk5TRGF0YVhOU09iamVjdNIbHCIjXE5TRGljdGlvbmFyeaIiIF8QD05TS2V5ZWRBcmNoaXZlctEmJ1Ryb290gAEACAARABoAIwAtADIANwBAAEYATQBVAGAAZwBqAGwAbgBxAHMAdQB3AIQAjgCmAKsAswIZAhsCIAIrAjQCQgJGAk0CVgJbAmgCawJ9AoAChQAAAAAAAAIBAAAAAAAAACgAAAAAAAAAAAAAAAAAAAKH}}

@article{zwart:gpi,
	Author = {Zwart, N R and Pipe, J G},
	Date-Added = {2015-12-23 03:04:14 +0000},
	Date-Modified = {2015-12-23 03:04:14 +0000},
	Journal = {Magn Reson Med},
	Note = {DOI: 10.1002/mrm.25528},
	Title = {Graphical programming interface: {A} development environment for {MRI} methods},
	Year = {2014},
	Bdsk-File-1 = {YnBsaXN0MDDUAQIDBAUGJCVYJHZlcnNpb25YJG9iamVjdHNZJGFyY2hpdmVyVCR0b3ASAAGGoKgHCBMUFRYaIVUkbnVsbNMJCgsMDxJXTlMua2V5c1pOUy5vYmplY3RzViRjbGFzc6INDoACgAOiEBGABIAFgAdccmVsYXRpdmVQYXRoWWFsaWFzRGF0YV8QQy4uLy4uLy4uL3BkZnMvWndhcnRfZXRfYWwtMjAxNC1NYWduZXRpY19SZXNvbmFuY2VfaW5fTWVkaWNpbmUtMi5wZGbSFwsYGVdOUy5kYXRhTxECBAAAAAACBAACAAAMTWFjaW50b3NoIEhEAAAAAAAAAAAAAAAAAAAAz9PkdkgrAAAAL+3uH1p3YXJ0X2V0X2FsLTIwMTQtTWFnI0JFMTQwNC5wZGYAAAAAAAAAAAAAAAAAAAAAAAAAAAAAAAAAAAAAAAAAAAC+FATQht1CAAAAAAAAAAAAAwACAAAJIAAAAAAAAAAAAAAAAAAAAARwZGZzABAACAAAz9QqxgAAABEACAAA0IcxogAAAAEAEAAv7e4ALcxpAB09YAAdPRIAAgBHTWFjaW50b3NoIEhEOlVzZXJzOgBndWlsbGU6AGRvY3M6AHBkZnM6AFp3YXJ0X2V0X2FsLTIwMTQtTWFnI0JFMTQwNC5wZGYAAA4AbAA1AFoAdwBhAHIAdABfAGUAdABfAGEAbAAtADIAMAAxADQALQBNAGEAZwBuAGUAdABpAGMAXwBSAGUAcwBvAG4AYQBuAGMAZQBfAGkAbgBfAE0AZQBkAGkAYwBpAG4AZQAtADIALgBwAGQAZgAPABoADABNAGEAYwBpAG4AdABvAHMAaAAgAEgARAASAExVc2Vycy9ndWlsbGUvZG9jcy9wZGZzL1p3YXJ0X2V0X2FsLTIwMTQtTWFnbmV0aWNfUmVzb25hbmNlX2luX01lZGljaW5lLTIucGRmABMAAS8AABUAAgAN//8AAIAG0hscHR5aJGNsYXNzbmFtZVgkY2xhc3Nlc11OU011dGFibGVEYXRhox0fIFZOU0RhdGFYTlNPYmplY3TSGxwiI1xOU0RpY3Rpb25hcnmiIiBfEA9OU0tleWVkQXJjaGl2ZXLRJidUcm9vdIABAAgAEQAaACMALQAyADcAQABGAE0AVQBgAGcAagBsAG4AcQBzAHUAdwCEAI4A1ADZAOEC6QLrAvAC+wMEAxIDFgMdAyYDKwM4AzsDTQNQA1UAAAAAAAACAQAAAAAAAAAoAAAAAAAAAAAAAAAAAAADVw==}}
